3848 6006
931 805 997 874 288

367 994 551 1062 stinetione
570 990 727 1074 ulmo
748 992 838 1060 intel·
856 996 893 1059 et
911 999 1107 1074 προσωπεῖον,
1119 996 1257 1061 tantum
1268 992 1310 1060 (ie
1321 992 1567 1062 recentioribus

366 1117 503 1185 Graecis
525 1115 625 1201 vulet,
649 1132 727 1182 oum
749 1117 883 1183 veteres
906 1114 1016 1181 Attici
1038 1114 1133 1199 prius
1150 1113 1354 1182 vocobulum
1374 1115 1568 1198 promiscue

365 1256 425 1322 pro
454 1238 548 1305 lerve
577 1237 726 1319 facieque
748 1237 982 1304 adhibuerunt.
1007 1235 1213 1317 significatio
1236 1236 1380 1305 Latinae
1403 1238 1501 1305 vonis
1523 1238 1568 1305 ab

366 1360 464 1427 initio
493 1359 587 1427 lsrvs
609 1362 674 1427 est.
698 1359 791 1425 Ante
814 1358 974 1425 Roscium
996 1356 1130 1425 uallum
1154 1358 1364 1437 histrionem,
1387 1357 1471 1426 lieet
1492 1375 1568 1426 nur·

365 1484 460 1548 retur
488 1481 543 1548 hio
572 1482 703 1563 primus
733 1496 875 1563 persone
906 1480 959 1547 uti
985 1480 1134 1563 coepisse
1156 1480 1193 1547 in
1216 1478 1399 1559 Atellanis,
1420 1483 1460 1548 et
1483 1484 1568 1548 unte

365 1603 542 1671 Atellanas
561 1603 595 1670 in
615 1602 799 1679 timoribus,
817 1601 941 1684 quibus
959 1601 1124 1683 imagines
1144 1602 1311 1669 maiorum
1327 1617 1445 1670 cerem
1456 1604 1566 1682 geste-

365 1726 498 1807 bantur,
527 1741 611 1791 usus
633 1724 803 1791 larvarum
827 1724 915 1807 apud
940 1725 1111 1791 Romanos
1134 1724 1314 1807 multiplex
1335 1725 1414 1792 mit.
1439 1724 1566 1791 Distin-

364 1848 517 1926 guuntur
535 1861 678 1928 persona
697 1844 835 1926 tragica,
855 1862 999 1927 persone
1017 1845 1153 1930 uomica,
1175 1863 1317 1928 persone
1337 1849 1437 1913 mute
1448 1842 1566 1927 (κυφὸν

365 1965 543 2049 πράσεων),
574 1969 611 2032 et
640 1969 732 2033 erote
762 1965 943 2033 cohaerent
972 1983 1051 2032 cum
1074 1966 1137 2033 hoo
1160 1967 1292 2034 scenice
1314 1965 1566 2049 significatione

363 2089 514 2157 antefixa
540 2087 713 2165 domuum,
744 2104 830 2171 quoe
851 2088 1032 2156 simulacra
1053 2089 1159 2156 etiam
1183 2105 1403 2172 personarum
1425 2088 1567 2157 nomine

363 2211 595 2291 designantur.
642 2208 763 2276 Nescio
797 2213 915 2277 temen
944 2227 1058 2278 ennon
1088 2215 1180 2278 reete
1208 2210 1316 2279 diotoe
1346 2210 1418 2278 sint
1440 2206 1465 2291 Ι)
1499 2210 1566 2278 hee

363 2332 528 2412 imagines
557 2348 623 2397 non
655 2334 793 2398 tentum
815 2331 992 2399 hominum
1014 2332 1073 2399 sed
1097 2332 1202 2400 etiem
1224 2331 1425 2400 animalium
1447 2331 1564 2415 eapite

363 2452 546 2536 vultusque
567 2453 662 2519 ferre.

408 2574 502 2641 Usus
532 2574 774 2657 grammaticus
803 2592 847 2642 ex
877 2574 994 2641 eudem
1024 2574 1150 2657 origine
1181 2576 1312 2643 soenioe
1341 2575 1561 2658 repetendus.

363 2696 588 2764 Memorabilis
617 2698 672 2763 est
700 2694 793 2762 locus
820 2694 961 2762 Luoiani
983 2696 1149 2776 (Culumn.
1173 2714 1240 2764 non
1264 2700 1345 2763 tem.
1369 2697 1461 2764 cred.
1485 2696 1562 2776 VI),

362 2820 420 2887 ubi
453 2821 506 2893 τὴν
540 2817 677 2883 ὑπόθεσιν
709 2821 763 2881 τοῦ
794 2814 891 2895 λόγου
914 2818 964 2884 its
985 2817 1145 2885 instruit:
1167 2822 1254 2898 τριῶν
1279 2816 1305 2884 δ’
1330 2816 1421 2885 ὄντων
1445 2822 1563 2898 προσώ-

363 2965 438 3020 πων,
470 2939 610 3019 καθάπερ
641 2938 671 3004 ἐν
701 2946 773 3011 ταῖς
798 2936 982 3018 κωμῳδίαις,
1005 2942 1060 3004 τοῦ
1084 2938 1311 3018 διαβάλλοντος
1336 2938 1390 3004 eal
1414 2943 1471 3007 τοῦ
1496 2939 1563 3007 dra·

362 3061 561 3143 βαλλομένου
586 3061 638 3125 καὶ
662 3065 715 3127 τοῦ
739 3063 812 3140 πρὸς
837 3052 868 3125 ὃν
891 3061 908 3135 ἡ
929 3059 1062 3140 διαβολὴ
1080 3062 1240 3139 γίγνεται,
1259 3062 1562 3145 ᾰθὶηᾰθωρᾶγει)

361 3187 413 3252 τὸν
438 3183 696 3265 πρωταγωνιστὴν
721 3186 774 3248 τοῦ
797 3181 968 3262 δράματος,
990 3182 1043 3247 τὸν
1066 3185 1192 3257 ποιητὴν
1216 3191 1271 3259 τῆς
1295 3182 1459 3263 διαβολῆς.
1484 3184 1559 3253 Iam

361 3307 583 3377 Aristarchus
621 3307 780 3384 προσώπου
814 3306 958 3373 termino
991 3322 1076 3373 usus
1109 3310 1164 3374 est
1198 3307 1338 3390 eiusque
1371 3306 1560 3392 discipulus

361 3430 544 3514 Dionysius
574 3428 687 3495 Thrax
718 3428 877 3494 distinxit
905 3427 947 3492 rai
972 3427 1139 3507 seleuse:
1165 3434 1280 3508 πρῶτον
1304 3429 1373 3507 μὲν,
1398 3429 1460 3511 ι’φ’
1485 3425 1557 3495 odi

360 3552 466 3631 λόγος,
498 3549 634 3630 δεύτερον
665 3549 708 3627 δὲ,
739 3547 812 3628 πρὸς
842 3544 873 3615 ὃν
904 3548 918 3613 ὃ
943 3547 1048 3629 λόγος,
1072 3551 1170 3629 τρίτον
1194 3551 1237 3629 tl,
1260 3551 1328 3630 περὶ
1352 3546 1387 3616 εὖ
1410 3551 1424 3616 ὃ
1449 3551 1559 3631 λόγος,

360 3692 461 3759 quem
484 3678 624 3740 secutus
647 3672 825 3739 Terentius
844 3672 952 3739 Varro
971 3689 1189 3755 personarum
1209 3677 1369 3741 naturam
1389 3673 1559 3757 triplicem

360 3796 514 3880 appellat,
539 3795 597 3878 qui
621 3792 821 3877 loqueretur,
844 3794 886 3860 ad
910 3811 1021 3878 quem,
1044 3795 1086 3863 de
1108 3814 1184 3880 quo.

405 3916 574 4001 Quomodo
606 3920 723 3984 autem
755 3916 897 3997 figurate
928 3934 1008 3985 vooe
1038 3918 1109 3985 sint
1139 3918 1194 3985 usi
1224 3936 1286 3986 nos
1316 3919 1414 3986 docet
1444 3919 1560 3988 Publii

359 4042 531 4109 sententia
553 4040 641 4122 apud
666 4038 811 4106 Gellium
834 4039 936 4106 XVII
961 4042 1020 4106 14:
1046 4041 1187 4108 Heredis
1209 4041 1312 4108 fletus
1328 4040 1392 4108 sub
1411 4058 1559 4124 persona

360 4162 450 4229 risus
480 4165 544 4244 est,
575 4160 742 4245 siquidem
772 4160 859 4226 hane
889 4159 1015 4239 γνώμην
1046 4180 1105 4245 pro
1136 4163 1311 4245 proverbio
1334 4162 1458 4231 habere
1481 4181 1558 4246 pos·

360 4301 490 4350 sumus.

394 4525 418 4586 1)
435 4524 474 4574 lte
492 4523 624 4574 Foreellini
641 4523 666 4573 in
684 4523 769 4575 lexico.
787 4523 930 4574 Laudentur
947 4524 1018 4575 Luer.
1036 4525 1069 4574 lv
1087 4526 1136 4575 295
1154 4532 1235 4575 eretee
1251 4541 1361 4591 nemone,
1379 4526 1445 4579 Plin.
1464 4529 1556 4580 XXXV

359 4608 391 4656 48
409 4623 524 4672 personne
540 4606 678 4671 tegulerum
697 4607 810 4657 extremis
828 4607 969 4657 imbricibus
988 4608 1144 4674 impoe(itee),
1162 4607 1220 4674 Uip.
1239 4608 1295 4673 lug.
1312 4609 1369 4660 xix
1388 4610 1410 4660 1.
1421 4610 1453 4663 i'l
1472 4628 1557 4677 pereo·

359 4706 403 4739 nee
420 4706 432 4739 e
451 4706 553 4754 querum
571 4691 655 4740 rostris
672 4706 736 4754 eque
753 4690 827 4739 eelire
844 4691 914 4740 solut.
