3848 6006
935 837 1002 906 388

368 1038 390 1088 a
412 1019 639 1102 Xenophonte
661 1020 869 1088 elaboratum
889 1037 954 1103 quo
972 1037 1056 1102 opus
1076 1018 1327 1104 'thucydidoum
1347 1018 1568 1086 continuaret

368 1145 405 1210 et
434 1142 476 1208 ad
508 1142 647 1209 initium
677 1142 732 1208 sui
759 1142 868 1226 operis
898 1140 995 1220 (Heli.
1027 1141 1086 1208 ΠΙ.
1114 1143 1143 1218 1)
1175 1141 1380 1224 produceret.
1412 1140 1461 1206 Ob
1487 1155 1567 1204 eam

367 1280 505 1330 causam
534 1266 571 1330 et
600 1263 781 1332 verisimile
809 1280 884 1330 esse
907 1261 991 1329 mibi
1014 1262 1211 1344 iampridem
1236 1263 1348 1328 visum
1371 1263 1437 1337 est,
1464 1264 1503 1327 et
1524 1262 1569 1326 ut

367 1387 594 1468 acciperemus
627 1402 765 1467 prorsus
796 1385 1034 1464 necessarium,
1065 1384 1167 1451 libros
1197 1384 1281 1450 dnos
1312 1383 1568 1450 Hellenioorum

367 1507 493 1588 primos
512 1523 586 1574 sero
605 1506 752 1588 demum,
773 1524 794 1574 a
813 1507 1039 1590 Xenophonte
1059 1507 1126 1573 iam
1147 1505 1365 1586 sexagenario
1384 1504 1465 1581 fere,
1489 1519 1569 1570 esse

366 1629 520 1710 scriptos.
542 1629 579 1695 id
598 1632 714 1696 sutem
734 1629 821 1712 quod
841 1629 927 1696 ratio
945 1627 1075 1696 illorum
1094 1629 1253 1696 librorum
1272 1628 1431 1711 postulet,
1444 1640 1569 1692 revera

368 1750 419 1817 ita
448 1767 485 1816 se
515 1750 636 1818 habere
665 1752 708 1817 ab
738 1767 937 1833 unoquoque
967 1751 1102 1818 concedi
1132 1750 1250 1817 debere
1281 1752 1396 1815 statuo
1418 1748 1478 1829 qui
1501 1748 1568 1814 hoc

367 1874 606 1952 argumentum
626 1870 852 1954 perpenderit:
871 1871 1087 1953 Xenophonti
1099 1888 1165 1954 quo
1177 1875 1327 1953 tempore
1338 1868 1569 1936 conscriberet

363 1990 487 2059 librum
510 1992 659 2076 primum
683 1991 929 2061 Hellenioorum
952 1994 1037 2060 bene
1059 1993 1231 2074 cognitum
1254 1992 1368 2073 tbisse,
1390 1993 1569 2074 praetores

366 2113 604 2196 Athenienses,
624 2114 660 2181 in
679 2115 799 2183 indicio
818 2117 900 2182 anni
919 2115 985 2181 406
1004 2133 1025 2182 a
1045 2113 1164 2198 popolo
1183 2112 1433 2198 condemnatos,
1456 2112 1569 2180 tuisse

367 2252 507 2302 numero
529 2239 615 2314 octo,
639 2254 683 2303 ex
705 2253 745 2303 eo
767 2236 888 2303 iudicio
911 2239 1046 2303 necatos
1069 2253 1144 2303 osse
1167 2253 1227 2302 sex
1244 2232 1285 2320 1);
1310 2234 1455 2301 eundem
1480 2252 1568 2303 vero

366 2356 400 2423 id
423 2356 527 2423 etiam
550 2357 722 2437 ignorasse
745 2357 1014 2426 Commentarios
1035 2357 1220 2425 Socraticos
1239 2357 1394 2425 edentem
1407 2353 1451 2442 ¹);
1472 2357 1567 2439 quod

366 2481 495 2561 probat,
520 2478 574 2545 iile
597 2478 844 2547 Hellenioorum
867 2479 949 2548 liber
971 2485 1049 2562 post
1072 2480 1340 2547 Commentarios
1358 2479 1467 2546 editos
1485 2496 1568 2546 con·

365 2599 514 2683 scriptus
544 2601 590 2667 sit
620 2617 757 2668 necesse
788 2618 872 2669 esse.
904 2603 1055 2669 iamvero
1078 2618 1156 2668 cnm
1178 2601 1275 2668 hodie
1297 2604 1440 2684 constet,
1465 2600 1568 2668 Com-

366 2723 607 2789 mentariorum
631 2722 706 2790 libri
728 2724 831 2808 tertii,
855 2724 977 2807 capitis
1000 2724 1122 2807 quinti,
1146 2725 1294 2806 quinque
1316 2724 1443 2806 primas
1468 2740 1567 2805 para·

364 2844 508 2926 graphos
536 2845 681 2928 scriptas
710 2861 785 2912 esso
808 2846 897 2912 inter
919 2863 1027 2913 annos
1051 2845 1176 2912 37111
1200 2845 1266 2910 362
1291 2844 1402 2929 (cuius
1425 2845 1473 2911 rei
1498 2845 1567 2926 pri·

366 2982 462 3032 mum
502 2966 631 3048 publice
664 2967 917 3034 demonstratae
952 2968 1056 3034 honor
1090 2966 1164 3033 viro
1198 2965 1238 3033 cl.
1273 2967 1376 3032 Ernst
1409 2965 1565 3045 Richter,

366 3086 710 3169 Xenophon-Studien
744 3087 880 3169 Leipzig
913 3088 999 3155 1892
1034 3102 1109 3170 pag.
1144 3086 1204 3152 131
1239 3087 1317 3153 adn.
1349 3085 1379 3171 3,
1414 3085 1566 3154 libenter

367 3208 487 3275 merito
513 3208 613 3275 datur
635 3210 678 3275 ab
702 3208 755 3276 his
778 3226 908 3292 quoquo
931 3209 988 3292 qui
1012 3209 1077 3290 ipsi
1100 3210 1222 3290 sponte
1245 3225 1307 3274 sua
1329 3223 1461 3290 quoque
1484 3224 1564 3274 eam

364 3332 640 3408 observaverant,
671 3349 772 3414 quam
805 3349 884 3399 vero
907 3331 1045 3397 dubiam
1067 3349 1132 3398 non
1156 3348 1231 3398 esse
1254 3331 1358 3397 etiam
1381 3330 1565 3398 confirmat

365 3453 517 3520 assensio
537 3453 601 3520 viri
619 3453 660 3518 11.
679 3452 792 3519 Christ
812 3453 868 3520 Gr.
889 3453 972 3519 Litt.
994 3453 1114 3521 Gesch.
1138 3454 1224 3520 1905
1245 3469 1317 3535 pag.
1339 3452 1403 3519 364
1424 3452 1503 3520 adn.
1518 3454 1563 3534 3),

366 3593 473 3659 neque
503 3577 574 3644 fleri
604 3576 713 3658 possit
742 3576 783 3642 ob
813 3593 889 3642 earn
912 3593 1050 3642 causam
1073 3579 1114 3642 ut
1136 3575 1376 3642 commentarii
1399 3577 1481 3641 ante
1505 3592 1563 3642 an·

364 3715 449 3764 num
480 3697 546 3763 368
579 3716 600 3763 a
629 3697 855 3779 Xenophonte
885 3696 966 3763 editi
998 3698 1078 3776 sint,
1110 3697 1264 3779 sequitur
1286 3700 1326 3761 nt
1349 3698 1560 3774 statuamus,

359 3819 482 3887 librum
506 3821 653 3902 primum
678 3819 925 3887 Hellenioorum
947 3837 987 3886 eo
1010 3837 1098 3886 anno
1122 3820 1272 3885 nondum
1291 3837 1312 3885 a
1331 3819 1563 3901 Xenophonte

366 3944 471 4010 fuisse
504 3944 740 4024 conscriptum,
776 3959 816 4008 ac
850 3959 893 4008 ne
929 3942 1105 4007 materiem
1140 3941 1276 4023 quidem
1310 3958 1414 4023 quam
1449 3941 1485 4006 in
1521 3957 1564 4008 eo

367 4069 575 4132 tractaturus
597 4068 672 4131 erat
694 4066 737 4131 ab
761 4081 799 4131 eo
819 4064 923 4130 ibisse
943 4063 1125 4131 collectam.
1150 4063 1198 4128 De
1218 4064 1317 4130 rebus
1335 4065 1452 4129 antem
1472 4079 1564 4143 quae

399 4397 423 4457 1)
452 4395 513 4446 ch.
538 4394 603 4444 fleti.
629 4391 741 4445 iios:
767 4391 809 4441 καὶ
832 4393 900 4453 μετὰ
924 4395 1010 4442 ταῦτα
1034 4391 1241 4454 κατεψηφίσαντο
1265 4398 1313 4442 τῶν
1338 4394 1564 4457 ναυμαχησάντων

365 4483 515 4540 στρατηγόν
539 4477 604 4526 ὀκτὼ
625 4476 715 4526 ’ὄντων’
739 4475 858 4525 ἀπίθανον
876 4474 903 4524 δΙ
921 4476 948 4525 11
962 4478 1082 4538 παρόντες
1098 4475 1135 4541 ἕξ.
1154 4505 1186 4514 -
1204 4477 1316 4527 Philooh.
1333 4478 1364 4528 fr.
1382 4478 1438 4537 121,
1458 4481 1563 4532 Mulier.

366 4562 378 4610 1
397 4577 452 4625 pag.
471 4561 528 4610 tob.

398 4643 422 4703 2)
445 4642 504 4690 Xan.
523 4642 616 4690 Corum.
634 4642 699 4691 Socr.
720 4642 831 4692 hilo:
856 4637 998 4698 ἐπιστάτης
1017 4639 1041 4689 ἐν
1058 4647 1093 4704 τῷ
1113 4639 1182 4702 δήμῳ
1199 4644 1340 4703 γενόμενος,
1355 4641 1562 4704 ἐπιθυμήσαντος

364 4725 409 4770 τοῦ
434 4720 513 4782 δύμον
537 4724 603 4783 παρὰ
627 4725 686 4780 τοὺς
710 4726 797 4783 νόμους
821 4720 890 4772 ἐννέα
909 4724 1069 4785 στρατηγοὺς
1088 4728 1135 4787 μιᾷ
1153 4722 1227 4785 ψήφῳ
1247 4725 1305 4782 τοὺς
1323 4724 1391 4786 cipp?
1408 4726 1562 4787 Θράσυλλον

364 4806 407 4854 καὶ
425 4807 576 4868 Ἐρασινίδην
594 4806 739 4855 ἀποκτεῖναν
758 4806 862 4866 πάντας.
