3848 6006
384 1569 649 1652 montetenso
677 1569 711 1651 tn
740 1567 899 1651 tetram
929 1569 1076 1668 primam
1106 1568 1258 1653 terendi
1288 1568 1539 1653 sordentium

856 1705 1063 1808 doviomepi

904 1930 1016 1968 ΙΟΙΙΡΙΠ

790 2095 833 2162 Υ.
864 2095 908 2162 H.
941 2096 1131 2164 Rosos.

409 2539 584 2623 Philippus
606 2539 796 2626 Beroaldus,
821 2538 971 2623 aequalis
989 2537 1235 2618 deidenhaurii
1254 2541 1290 2607 in
1309 2544 1463 2608 extrema
1482 2542 1558 2607 Orn-

364 2663 458 2731 tione
494 2678 557 2729 81111
585 2659 789 2728 Proverbiuli
819 2661 891 2742 agit
919 2661 960 2727 de
991 2661 1094 2728 verbo
1124 2660 1364 2741 ἆντιτελάργειν
1394 2662 1557 2745 dicitque:

367 2779 629 2872 „intestimo
647 2781 670 2849 i.
682 2798 712 2849 e.
731 2782 877 2864 gretiam
896 2781 1074 2864 rependere
1094 2799 1201 2864 posse,
1222 2781 1309 2866 quod
1328 2783 1446 2850 Graeci
1464 2800 1559 2849 usur·

364 2907 451 2990 pent
476 2904 518 2973 de
546 2904 610 2990 his,
635 2903 693 2987 qui
715 2903 861 2985 gratiam
883 2903 1042 2971 benevole
1064 2908 1243 2987 reponunt.
1275 2903 1435 2984 uenapyot
1455 2905 1557 2987 enim,

363 3028 430 3095 i.e.
453 3026 609 3104 donnino
632 3028 848 3093 senescentes
870 3028 1029 3108 parentes
1048 3024 1188 3092 educare
1207 3043 1329 3108 eosque
1348 3027 1441 3092 senio
1459 3024 1560 3092 letes·

366 3151 484 3215 sentes
493 3148 536 3226 (1)
558 3163 598 3215 eo
620 3144 751 3214 sinrnm
773 3145 912 3230 remigio
934 3146 1082 3214 deiectos
1105 3146 1280 3214 sublevare
1310 3165 1349 3214 eo
1380 3147 1560 3214 suooollare

364 3269 534 3336 dicuntur.
565 3268 664 3336 Unde
685 3267 814 3336 oioonie
836 3267 911 3337 svis
934 3269 989 3352 pis
1012 3271 1152 3336 vocatur
1175 3272 1211 3336 et
1233 3269 1489 3353 antipelargosis
1512 3287 1560 3335 re

364 3390 557 3458 muneratio
589 3390 834 3473 retributioque
868 3389 1104 3459 beneficiorum
1135 3389 1364 3459 nominetur.”
1396 3391 1449 3457 Sit
1479 3391 1560 3459 haec

364 3511 607 3580 tommentetio
636 3508 904 3595 antipenrgosis,
935 3511 1055 3594 siqua
1076 3515 1140 3598 est,
1166 3515 1304 3579 tuorum
1326 3528 1406 3593 erge
1429 3529 1484 3579 me
1506 3512 1561 3579 be-

364 3634 574 3702 nedoiornm.

411 3756 507 3823 Ante
529 3755 660 3839 septem
683 3754 752 3823 fere
773 3771 882 3822 annos
904 3754 936 3823 J.
959 3754 1101 3822 Prinsen
1118 3752 1143 3841 ¹)
1166 3772 1200 3822 v.
1212 3755 1244 3820 d.
1268 3753 1477 3823 collectanea
1498 3755 1561 3823 Ge

364 3877 457 3946 rnrdi
478 3874 714 3945 Goldenhsurii
738 3874 853 3958 edidit,
877 3876 913 3942 in
936 3876 1060 3959 quibus
1082 3880 1157 3944 octo
1180 3877 1306 3945 satirae
1329 3877 1560 3945 inveniuntur.

365 4000 395 4066 Ε
426 3995 632 4081 praefatione
660 3999 802 4080 epperet
830 3996 951 4064 editori
981 3997 1023 4064 ad
1056 3998 1118 4064 hes
1141 3998 1264 4065 satiras
1286 3998 1432 4065 edendus
1453 4016 1561 4067 unum

366 4120 467 4188 modo
489 4116 660 4199 exemplar
683 4120 820 4200 praesto
842 4118 959 4196 inisse,
978 4117 1065 4200 quod
1086 4118 1181 4186 hodie
1199 4119 1233 4185 in
1254 4120 1453 4187 bibliotheca
1472 4121 1563 4202 regis

365 4237 619 4307 vindobonensi
641 4241 809 4305 servetur.

415 4357 616 4427 Nonnnliius
640 4359 805 4426 momenti
828 4358 891 4427 has
913 4359 1039 4427 satiras
1061 4377 1147 4436 esse.
1173 4365 1213 4428 ut
1236 4379 1477 4443 cognoscamus
1497 4383 1564 4432 mo·

405 4615 432 4681 1)
451 4615 601 4667 auem
617 4633 666 4668 ren
685 4616 809 4668 &nardus
829 4618 996 4668 danaum
1013 4619 1179 4685 Noviumque,
1197 4620 1301 4685 gsvolgd
1318 4621 1379 4672 door
1397 4639 1440 4672 eon
1458 4622 1564 4672 herdruk

367 4712 418 4750 m
435 4697 518 4776 eenige
534 4699 610 4764 zijner
625 4699 730 4760 werhen,
747 4699 838 4765 nimog.
855 4700 915 4750 door
932 4700 975 4753 Dr.
993 4701 1017 4752 J.
1036 4701 1136 4751 Prinsen
1153 4702 1220 4752 JJa.
1239 4704 1391 4753 dmsterdum
1410 4705 1472 4754 1901
1490 4704 1566 4768 (War-

367 4782 418 4833 ken
434 4797 483 4832 m
498 4782 542 4834 too
558 4781 626 4834 flur.
642 4783 789 4834 flmwtreh.
807 4789 832 4836 1ο
849 4782 953 4835 Utreoht
971 4785 998 4834 8⁸
1015 4785 1081 4836 Serio
1099 4783 1136 4834 N⁰
1156 4786 1205 4848 lt).
