4070 6138
949 928 1014 995 149
1070 945 1076 956 ·

383 1108 551 1191 signinum
581 1110 689 1178 risum
719 1110 933 1179 sardonicum
964 1111 1080 1190 ridere,
1111 1112 1145 1178 id
1171 1115 1226 1180 est
1248 1112 1356 1180 risum
1379 1112 1433 1179 cni
1456 1128 1577 1180 verum

383 1230 543 1312 gaudium
565 1230 671 1298 deest

428 1353 494 1419 His
522 1353 606 1420 bene
636 1352 818 1421 intellectis
847 1355 990 1422 verbum
1020 1355 1200 1438 explanare
1225 1371 1407 1439 possumus
1429 1353 1517 1439 quod
1539 1357 1575 1422 in

383 1473 546 1557 Stephani
576 1475 746 1543 Thesauro
775 1475 1019 1559 inexplicatum
1050 1477 1224 1562 remansit,
1252 1473 1575 1558 Enottrpadico.1n

384 1594 554 1663 Thesauro
571 1595 753 1664 laudantur
771 1601 908 1664 mutum
930 1597 1031 1664 verba
1050 1597 1266 1681 Boissonadii,
1277 1597 1335 1681 qui
1347 1599 1478 1682 primus
1489 1598 1576 1666 hanc

383 1733 501 1785 votem
530 1717 565 1784 in
597 1717 741 1785 formula
766 1718 895 1786 medica
916 1715 1084 1799 (ξηρδζεμα
1107 1720 1217 1805 τίνειν)
1240 1719 1383 1798 invenit,
1405 1720 1574 1800 rogantisz

386 1839 519 1925 „listro
550 1857 617 1906 une
647 1839 816 1908 decoction
847 1840 918 1908 tres
941 1840 1081 1920 renuite,
1105 1841 1233 1908 reduite
1257 1842 1279 1907 a
1300 1841 1513 1908 consistance
1535 1841 1575 1907 de

383 1961 469 2028 rob?
486 1961 572 2029 Sont
589 1979 628 2030 ce
643 1962 704 2030 des
723 1961 884 2048 pastillos,
903 1962 963 2029 des
983 1961 1192 2030 tablettest’
1211 1962 1426 2046 Neutiquam,
1444 1979 1574 2046 respon·

383 2083 461 2166 deo;
496 2101 550 2150 res
582 2087 637 2150 est
670 2083 767 2166 longe
801 2084 944 2152 diversa.
986 2083 1075 2160 zius
1110 2085 1199 2167 apud
1233 2085 1574 2168 Ptochoprodromum

383 2204 559 2289 (Legranh
590 2204 821 2288 Bibliotheque
850 2221 927 2288 grec
957 2204 1106 2288 vulgaire
1121 2205 1147 2290 Ι,
1171 2225 1203 2290 p.
1215 2207 1270 2289 81,
1294 2223 1328 2273 v.
1344 2205 1421 2289 147)
1444 2205 1574 2272 calam

383 2325 549 2407 Significat
576 2324 667 2407 (ζητῶ
694 2323 1038 2406 casalmontis,
1063 2327 1115 2392 nal
1139 2325 1269 2404 alpem·
1293 2326 1335 2405 pi
1359 2327 1393 2393 τὸ
1417 2325 1515 2412 (ipa)
1538 2328 1575 2394 et

384 2446 498 2514 comis
528 2447 676 2533 (tunm
705 2448 764 2531 IV,
796 2466 828 2531 p.
851 2447 929 2534 153)
951 2445 1077 2529 ζὲματα
1101 2448 1361 2532 interpretatur:
1386 2449 1429 2514 roi
1452 2447 1574 2526 Φυσικὰ

383 2563 488 2649 θερμὰ
509 2567 580 2650 sepi
598 2570 701 2655 (caux
719 2570 917 2655 thermulas),
938 2566 1112 2650 ζεματὶζυε
1133 2571 1221 2648 nalo,
1241 2569 1394 2650 aeepxtvo
1414 2570 1454 2645 μὲ
1467 2567 1574 2651 (aaron

383 2689 463 2771 rapio
485 2690 542 2776 (ci.
565 2691 706 2776 Peritos,
732 2690 1055 2774 supersternens
1080 2693 1177 2772 1905,
1201 2711 1234 2777 p.
1256 2694 1345 2777 178).
1371 2693 1490 2776 Itaque
1512 2691 1573 2759 ior·

383 2811 477 2880 mula
504 2807 659 2893 ξημόζεμι
691 2813 788 2877 rhen
819 2811 902 2880 nihil
924 2813 1014 2880 aliud
1037 2813 1128 2881 valet
1151 2831 1256 2898 quam
1280 2813 1430 2900 „caldam
1452 2829 1574 2896 puram

384 2933 529 3002 bibero''.

429 3055 536 3123 linito
566 3056 681 3123 minus
710 3056 914 3124 confidenter
943 3056 1052 3124 dicam
1074 3057 1154 3140 qnid
1173 3057 1320 3124 sentiam
1343 3057 1384 3124 de
1407 3055 1471 3124 alio
1494 3074 1572 3124 cum

384 3173 461 3256 ξηρῷ
484 3177 670 3260 composito
692 3178 853 3245 vocabulo
869 3178 956 3261 quod
974 3179 1101 3247 frustra
1120 3179 1156 3246 in
1173 3178 1291 3246 lexicis
1309 3195 1461 3261 quaeras.
1481 3177 1573 3259 Legi·

384 3316 462 3365 mus
490 3299 527 3365 in
556 3299 774 3382 inscriptione
802 3299 1004 3384 Palmyrena
1034 3301 1172 3382 bilingui
1193 3317 1280 3384 quae
1303 3301 1449 3384 portoria
1471 3298 1574 3367 variis

384 3419 551 3487 mercibus
580 3420 739 3503 imposita
768 3423 961 3488 enumerat:
996 3421 1087 3485 κώνου
1119 3421 1164 3505 (id
1191 3426 1246 3488 est
1268 3420 1461 3489 nucleorum
1484 3420 1573 3504 pino

384 3541 495 3629 orum)
525 3540 578 3605 aa}
599 3547 659 3606 τῶν
682 3540 790 3619 laotos
813 3539 913 3620 Βοξεν
936 3536 994 3606 ὅσα
1018 3541 1061 3614 εἰς
1086 3542 1252 3622 ἐμπορείαν
1273 3545 1402 3623 pluras
1426 3540 1572 3614 τὸτέλος

384 3662 426 3734 sic
463 3663 498 3728 rt
531 3661 713 3745 ξηρόφορτον
747 3659 927 3740 ἀνάγεσθαι
961 3665 1000 3735 ὥς
1035 3663 1087 3728 καὶ
1120 3663 1151 3728 ἐν
1182 3671 1252 3736 ταῖς
1285 3671 1411 3735 λοιπαῖς
1435 3663 1572 3742 privem

384 3784 505 3851 πόλισι.
539 3785 625 3869 Quid
658 3786 723 3853 sibi
757 3785 841 3853 velit
874 3785 936 3852 hoc
969 3786 1215 3869 praescriptum
1245 3786 1376 3868 primus
1409 3785 1574 3868 explicare

385 3910 526 3975 conatus
547 3911 602 3975 est
624 3906 804 3974 Schrneder
826 3906 1068 3991 (Sitzungshor.
1092 3908 1124 3974 d.
1148 3907 1236 3974 Ktn.
1260 3907 1394 3974 Preuss.
1418 3907 1527 3975 Akad.
1540 3907 1573 3974 d.

389 4029 490 4097 Wiss.
517 4027 603 4096 1884
627 4029 656 4107 Ι,
675 4046 706 4111 p.
726 4028 880 4114 435sq.)‚
904 4044 1005 4110 quem
1028 4028 1135 4095 secuti
1159 4030 1241 4095 sunt
1263 4027 1393 4097 Dessau
1416 4029 1575 4114 (Hermes

388 4154 439 4235 19,
452 4169 484 4236 p.
498 4152 565 4218 486
576 4151 641 4237 sq.)
660 4153 697 4218 et
715 4149 951 4233 Dittenbergsr
968 4150 1128 4231 (Orientis
1147 4151 1256 4232 graeci
1267 4151 1418 4234 inscript.
1431 4151 1575 4218 selectae

384 4273 426 4358 Π,
450 4270 501 4339 n⁰.
525 4273 614 4358 629),
643 4272 740 4340 cuius
769 4272 872 4339 verba
901 4271 1067 4339 adieram:
1102 4276 1274 4358 „recentes
1304 4271 1436 4338 fructus
1466 4271 1574 4338 multo

385 4395 557 4479 graviores
590 4411 666 4462 esse
699 4411 802 4477 quam
835 4393 1023 4462 exsiccatos
1052 4392 1274 4460 manifestum
1304 4395 1376 4474 est;
1408 4408 1510 4474 quare
1540 4391 1574 4458 io

385 4516 535 4584 beneficii
564 4516 758 4584 conceditur
788 4515 831 4582 iis
864 4515 923 4598 qui
946 4517 1128 4597 exportant
1150 4517 1212 4581 aut
1234 4513 1431 4598 important,
1454 4515 1496 4579 ut
1515 4529 1574 4596 pro

384 4655 424 4706 eo
454 4637 552 4704 modo
581 4638 726 4721 pondere
756 4637 844 4721 quod
870 4637 950 4705 sicci
970 4636 1119 4704 habituri
1142 4636 1222 4713 sint,
1246 4634 1363 4718 pensio
1385 4633 1572 4716 exigatur''.

385 4761 504 4844 Itaque
538 4759 581 4833 stc
616 4758 652 4824 τὸ
685 4755 867 4840 ξηρδφορτσν
898 4755 1079 4837 artynia
1113 4757 1175 4836 „ad
1205 4756 1337 4841 pondus
1363 4755 1474 4824 oneris
1495 4755 1574 4824 Sicci

385 4881 563 4949 mducero”
593 4879 733 4950 valeret
764 4880 932 4948 Confiteor
953 4879 1041 4948 hanc
1063 4876 1378 4962 interpretationem
1400 4875 1485 4943 mihi
1507 4892 1575 4942 non
