3848 6006
935 815 977 879 24

358 1011 478 1064 versus
507 999 709 1066 vocabulum
739 999 949 1066 dominatrix
978 998 1073 1082 sequi
1096 999 1215 1066 debere
1237 1016 1287 1085 ea,
1312 1016 1397 1082 quae
1419 1017 1555 1067 accura-

358 1118 430 1184 tius
452 1120 603 1202 pingant,
627 1121 715 1204 quod
738 1121 925 1188 delineatur
948 1121 1011 1187 hoa
1034 1121 1206 1188 vocabulo.

403 1241 584 1309 Rationem
616 1259 696 1309 vero
726 1243 936 1309 coniecturae
966 1243 1116 1310 Richteri
1146 1242 1209 1308 vix
1239 1242 1344 1310 habeo
1367 1261 1433 1326 quo
1455 1245 1557 1312 modo

359 1363 443 1430 mihi
460 1364 640 1445 explicem:
661 1365 759 1430 artua
775 1382 840 1446 per
856 1381 952 1430 omne
968 1364 1051 1429 litua
1071 1366 1273 1430 innrtmeroc
1290 1362 1405 1453 rotae!
1415 1367 1558 1432 tucatur

358 1503 455 1551 omne
485 1485 643 1568 quicquid
672 1485 820 1568 Aeapria
844 1490 940 1551 tenua
952 1483 1092 1573 ltetlurc
1114 1486 1246 1553 Nereae
1269 1487 1407 1570 perotus
1430 1489 1556 1554 roetrre

358 1608 456 1673 aocet.
476 1606 568 1688 Quod
587 1607 630 1673 ad
647 1623 786 1672 sensum
797 1607 934 1683 attinet,
946 1607 1052 1673 etiam
1063 1607 1262 1674 Richterum
1273 1611 1394 1691 putare
1403 1611 1555 1691 apparet,

360 1729 414 1796 his
443 1729 597 1795 versibus
626 1728 817 1812 explicitius
848 1730 913 1795 dici
936 1747 985 1814 ea,
1009 1746 1097 1811 quae
1122 1730 1321 1796 vocabulum
1344 1731 1556 1798 dominatrice

359 1851 496 1918 indicat.
527 1850 591 1916 Sed
621 1868 688 1933 qua
719 1868 755 1916 re
786 1850 926 1918 tandem
958 1850 1158 1917 vocabulum
1183 1853 1326 1935 pontum
1357 1851 1472 1918 delet?
1498 1854 1557 1920 Au

360 1976 470 2056 putat,
499 1972 620 2038 melius
642 1970 762 2038 Latine
784 1970 848 2038 dici
870 1990 966 2039 omne
988 1974 1148 2056 quicquid
1169 1989 1271 2055 quam
1290 1976 1441 2059 pontum
1467 1975 1559 2056 paie-

361 2095 445 2179 quid
474 2094 606 2161 Nereae
635 2094 783 2176 Assyrio
814 2096 912 2160 tenue
942 2097 1052 2160 secat?
1082 2094 1171 2160 Nam
1195 2095 1225 2160 si
1248 2098 1383 2177 propter
1406 2098 1558 2162 metrum

361 2215 471 2283 solum
501 2215 660 2299 mutavit,
686 2232 805 2296 parum
829 2215 1022 2282 coniectura
1044 2217 1183 2281 tueatur
1205 2216 1471 2283 commendatur.
1501 2218 1558 2284 Ab

360 2337 525 2420 elegantia
548 2336 682 2419 quidem
705 2353 827 2403 versus
849 2353 889 2402 ea
912 2336 1102 2403 mutatione
1125 2353 1191 2402 non
1212 2335 1391 2420 profecisse
1409 2337 1557 2404 videtur.

360 2458 469 2526 Immo
492 2460 549 2525 vix
570 2458 697 2540 dubito,
717 2458 808 2543 quin,
830 2459 860 2524 si
879 2459 1008 2525 codices
1027 2458 1190 2525 haberent
1208 2475 1313 2540 omna,
1331 2475 1422 2525 nunc
1433 2459 1559 2527 dicturi

360 2580 497 2664 luerint,
530 2596 639 2646 errore
668 2579 794 2645 librarii
823 2579 903 2645 illud
934 2597 1030 2646 omne
1059 2594 1103 2645 ex
1129 2596 1230 2646 versu
1253 2580 1467 2662 praecedenti
1489 2581 1558 2648 huc

360 2701 547 2784 irrepsisse.
565 2702 685 2784 Itaque
704 2701 787 2768 haec
805 2701 997 2768 coniectura
1016 2700 1154 2767 omniuo
1174 2701 1402 2782 improbanda,
1419 2701 1559 2770 etiamsi

362 2824 527 2906 negligere
551 2824 706 2909 volueris
731 2827 803 2891 tam
826 2842 964 2906 gravem
985 2823 1232 2906 corruptionem
1252 2823 1287 2888 in
1306 2823 1425 2907 codiee,
1446 2825 1558 2907 qualis

360 2951 415 3015 est
438 2948 612 3031 Etruscus,
637 2965 756 3030 parum
782 2949 854 3014 veri
877 2947 1023 3013 similem
1045 2963 1131 3013 esse.

405 3069 470 3135 Sed
493 3069 688 3151 interprete,
712 3086 789 3135 mea
807 3069 942 3152 quidem
962 3068 1128 3150 opinione,
1146 3085 1213 3134 non
1233 3071 1416 3134 correctore
1436 3084 1558 3135 versus

360 3193 447 3273 eget.
478 3188 685 3265 Cavendum,
718 3208 761 3257 ne
790 3191 981 3272 genitivum
1008 3192 1106 3256 cuiue
1125 3189 1209 3255 -id
1239 3188 1327 3270 quod
1358 3186 1426 3253 Leo
1448 3188 1559 3256 facere

361 3311 496 3379 videtur
520 3346 553 3358 -
579 3327 657 3377 cum
689 3310 859 3377 vocabulis
891 3328 986 3376 omne
1009 3309 1089 3376 litua
1112 3310 1295 3389 coniungas
1317 3308 1559 3390 potiusquam

361 3450 439 3500 cum
469 3433 800 3515 incondemnatam
824 3449 926 3515 quam
950 3431 1085 3513 quidem
1108 3430 1311 3513 positionem
1335 3428 1469 3496 relativi
1488 3447 1557 3497 non

361 3553 563 3622 inusitatam
586 3570 671 3633 esse,
693 3556 834 3636 apparet
856 3570 900 3619 ex
924 3570 994 3619 vss.
1019 3554 1086 3618 410
1109 3570 1158 3634 sq.
1182 3551 1285 3618 huius
1307 3550 1439 3619 fabulae

587 3675 784 3758 claramque
807 3675 888 3741 coeti
910 3674 1008 3741 aidus
1031 3677 1061 3740 ot
1084 3675 1188 3740 noctia
1211 3673 1322 3749 dcam

588 3799 686 3865 caina
709 3797 829 3863 relucet
852 3797 1003 3863 mundus
1026 3797 1160 3863 alterno
1184 3799 1261 3863 mco.

409 3919 554 3986 Tenuere
577 3919 663 4000 quod
686 3918 851 3984 editiones
875 3920 1007 3984 veteres
1031 3920 1200 3999 tutantur,
1221 3919 1291 3983 iam
1309 3921 1391 3983 ante
1409 3916 1559 3985 leonem

362 4037 531 4106 nonnullis
561 4039 758 4120 suspectum
790 4037 905 4115 fuisse,
936 4037 1013 4104 inde
1042 4040 1191 4120 apparet,
1216 4037 1304 4120 quod
1327 4039 1436 4106 Bothe
1458 4039 1495 4106 in
1518 4057 1558 4107 eo

362 4163 498 4243 tempus
529 4159 716 4242 perfectum
746 4159 923 4226 defendere
954 4161 1106 4226 conatur.
1138 4159 1240 4226 Ratio
1270 4177 1351 4227 vero
1383 4160 1559 4245 ipsaque

362 4282 395 4347 id
414 4281 502 4365 lecit,
524 4280 638 4348 minus
657 4278 735 4346 felix
756 4280 902 4346 videtur.
925 4279 1065 4363 Saepius
1085 4279 1173 4363 apud
1192 4283 1347 4348 nostrum
1368 4283 1558 4363 praesentis

363 4403 398 4471 vi
428 4403 613 4486 perlectum
644 4401 793 4469 adhiberi
823 4402 997 4468 contendit
1028 4403 1193 4484 exemplis
1223 4400 1386 4485 laudatis;
1414 4420 1455 4470 ea
1478 4419 1559 4472 vero

361 4525 477 4593 omnia
505 4524 539 4591 id
569 4540 677 4605 genus
708 4527 800 4608 sunt,
825 4526 865 4590 ut
888 4524 1076 4605 perfectum
1097 4527 1158 4589 aut
1178 4524 1352 4590 notionem
1371 4524 1557 4606 praeteriti,

362 4665 429 4714 non
465 4645 661 4728 praesentis,
694 4644 816 4711 habeat
846 4647 908 4710 aut
938 4644 1125 4726 perfectum
1156 4645 1213 4725 sit,
1246 4644 1440 4724 gnomicum
1469 4647 1558 4727 quod

363 4768 464 4849 vulgo
488 4767 620 4834 dicitur.
