3848 6006
426 1619 502 1724 Qua
530 1619 576 1703 ds
606 1641 724 1704 cauea
751 1620 1022 1728 θῆλυςόμηρος
1050 1640 1251 1723 coenoman
1283 1619 1425 1702 inditum
1454 1620 1503 1702 cii

784 1763 920 1864 toytae
949 1761 1127 1859 poetriae.

904 1940 1016 1977 scaffen

700 2059 848 2126 unsih
870 2059 1044 2126 IOANNA
1067 2055 1227 2125 uentu.

864 2315 1060 2324 *-

409 2498 521 2580 Quum
544 2498 737 2579 reputarem
760 2512 905 2573 mecum,
928 2495 1007 2578 quid
1029 2495 1100 2580 tibi,
1124 2495 1308 2562 clarissime
1331 2495 1452 2573 Nabar,
1471 2495 1558 2563 laets

364 2617 545 2685 celebranti
576 2617 677 2692 diem,
707 2633 772 2698 quo
806 2616 1051 2697 octogesimum
1080 2616 1205 2683 aetatis
1236 2633 1367 2684 annum
1395 2619 1556 2701 exigeres,

364 2739 544 2807 scriberem
574 2738 610 2804 in
642 2738 725 2820 albo,
757 2738 853 2804 venit
883 2738 967 2804 mihi
998 2738 1033 2804 in
1064 2741 1216 2804 mentem
1244 2742 1278 2805 te
1302 2741 1335 2806 in
1360 2740 1558 2806 lectionibus

365 2864 436 2929 tuis
454 2861 654 2929 academicis
675 2864 806 2943 praeter
825 2863 956 2928 ceteros
974 2861 1110 2927 laudare
1129 2861 1234 2928 solere
1252 2862 1438 2928 Homerum
1451 2861 1558 2928 nobis·

365 2999 430 3065 que
460 2982 627 3050 tironibus
657 2998 823 3065 exponere
852 2983 1054 3049 recentiores
1084 2985 1241 3050 auctores
1271 2999 1313 3050 ex
1344 2984 1482 3066 perenni
1504 2981 1559 3049 illo

365 3103 459 3170 fonte
489 3104 622 3171 haurire
652 3121 839 3187 numquam
870 3104 1053 3171 destitisse.
1085 3104 1205 3188 Itaque
1235 3106 1344 3172 statui
1371 3104 1487 3186 paucis
1509 3121 1557 3170 os·

363 3225 501 3292 tendere
523 3220 624 3300 θῆλυν
646 3243 777 3310 quoque
797 3222 935 3307 Ὅμηρον
958 3227 1072 3294 sedulo
1094 3227 1223 3294 imitari
1246 3227 1450 3294 Maeoniden.

411 3347 638 3415 Notissimum
668 3351 723 3415 est
751 3347 974 3429 Anthologiae
1005 3348 1151 3415 Graecae
1180 3348 1255 3415 libri
1277 3349 1330 3414 IX
1353 3348 1560 3431 epigramma

367 3468 421 3546 26,
456 3469 492 3535 in
527 3487 593 3552 quo
627 3470 812 3553 Antipater
847 3471 1154 3538 Thessalonicensis
1187 3488 1267 3538 cum
1296 3487 1419 3537 novem
1450 3470 1560 3536 musis

365 3596 539 3675 comparat
569 3593 713 3659 totidem
743 3593 901 3675 poetriae.
926 3592 1031 3659 cuius
1055 3593 1215 3660 carminis
1238 3592 1328 3675 prior
1350 3609 1428 3676 pars
1450 3592 1499 3658 sic
1522 3607 1560 3657 se

366 3717 485 3784 habet:

455 3851 563 3918 Τόσδε
588 3839 800 3931 &captemus
827 3850 957 3917 Ἑλικὼν
980 3848 1094 3932 ἔθρεψε
1113 3858 1267 3931 γυναῖκας

502 3972 604 4051 ὕμνοις
629 3973 682 4039 καὶ
708 3973 859 4040 Μακεδὼν
883 3973 1006 4056 ursulae
1029 3971 1199 4047 σκόπελος·

456 4096 645 4178 nestsear,
671 4095 774 4176 Μυρό,
800 4093 969 4172 'Arriano
995 4095 1142 4174 στόμα,
1167 4092 1299 4170 θῆλυν
1320 4093 1505 4177 Ὅμηρον,

504 4216 689 4294 necesitas
713 4218 839 4299 Σαπφὼ
864 4215 976 4298 κόσμον
998 4216 1215 4296 όῢσλσκόμων.

412 4372 477 4441 Diu
502 4372 676 4440 diiudicari
698 4389 765 4439 non
788 4371 909 4456 potuit,
934 4371 1013 4454 quid
1038 4371 1102 4437 sibi
1125 4370 1251 4437 velient
1274 4369 1377 4435 verba
1395 4363 1561 4444 illatam

368 4493 515 4576 Ὅμηρον.
548 4494 589 4563 V.
610 4494 642 4560 d.
662 4494 803 4562 Knaack
818 4491 854 4574 ¹),
883 4494 1060 4577 increpans
1082 4492 1324 4576 Hartuugium,
1349 4490 1437 4574 quod
1460 4491 1562 4558 nimis

371 4634 565 4645 ———

404 4712 429 4777 1)
447 4710 520 4777 Apud
537 4707 667 4760 Susamihl.
685 4706 830 4758 Gcschichte
847 4706 890 4757 der
908 4704 1075 4772 griechischen
1091 4703 1228 4755 nictentur
1245 4699 1563 4753 inderhlexendrincrrcit.

371 4794 402 4845 IL
419 4810 474 4861 pag.
493 4792 541 4843 tat
559 4809 616 4842 ann.
634 4791 674 4842 5⁰.
