<?xml version="1.0" encoding="UTF-8"?>
<!DOCTYPE html PUBLIC "-//W3C//DTD XHTML 1.0 Transitional//EN"
    "http://www.w3.org/TR/xhtml1/DTD/xhtml1-transitional.dtd">
<html xmlns="http://www.w3.org/1999/xhtml" xml:lang="en" lang="en">
 <head>
  <title>
</title>
<meta http-equiv="Content-Type" content="text/html;charset=utf-8" />
  <meta name='ocr-system' content='tesseract 3.04.00' />
  <meta name='ocr-capabilities' content='ocr_page ocr_carea ocr_par ocr_line ocrx_word'/>
</head>
<body>
  <div class='ocr_page' id='page_1' title='image "./sertumnabericum00nabegoog_0074.png"; bbox 0 0 3848 6006; ppageno 0'>
   <div class='ocr_carea' id='block_1_1' title="bbox 941 844 983 916">
    <p class='ocr_par' dir='ltr' id='par_1_1' title="bbox 941 844 983 916">
     <span class='ocr_line' id='line_1_1' title="bbox 941 844 983 916; baseline -0.024 0"><span class='ocrx_word' id='word_1_1' title='bbox 941 844 983 916; x_wconf 90' lang='grc'>61</span> 
     </span>
    </p>
   </div>
   <div class='ocr_carea' id='block_1_2' title="bbox 299 1023 1560 4158">
    <p class='ocr_par' dir='ltr' id='par_1_2' title="bbox 299 1023 1560 4158">
     <span class='ocr_line' id='line_1_2' title="bbox 299 1023 1560 1120; baseline 0.006 -24"><span class='ocrx_word' id='word_1_2' title='bbox 299 1047 304 1056; x_wconf 87' lang='grc'><em>·</em></span> <span class='ocrx_word' id='word_1_3' title='bbox 409 1023 475 1097; x_wconf 85' lang='lat' dir='ltr'>Sed</span> <span class='ocrx_word' id='word_1_4' title='bbox 505 1029 574 1098; x_wconf 91' lang='lat' dir='ltr'>iam</span> <span class='ocrx_word' id='word_1_5' title='bbox 604 1032 692 1100; x_wconf 88' lang='lat' dir='ltr'>satis</span> <span class='ocrx_word' id='word_1_6' title='bbox 721 1032 763 1101; x_wconf 89' lang='lat' dir='ltr'>de</span> <span class='ocrx_word' id='word_1_7' title='bbox 791 1034 860 1102; x_wconf 92' lang='lat' dir='ltr'>hac</span> <span class='ocrx_word' id='word_1_8' title='bbox 886 1035 994 1119; x_wconf 91' lang='lat' dir='ltr'>prima</span> <span class='ocrx_word' id='word_1_9' title='bbox 1018 1036 1173 1120; x_wconf 76' lang='lat' dir='ltr'>editione,</span> <span class='ocrx_word' id='word_1_10' title='bbox 1200 1033 1444 1106; x_wconf 87' lang='lat' dir='ltr'>transeundum</span> <span class='ocrx_word' id='word_1_11' title='bbox 1467 1034 1560 1104; x_wconf 90' lang='lat' dir='ltr'>enim</span> 
     </span>
     <span class='ocr_line' id='line_1_3' title="bbox 364 1153 1560 1240; baseline 0.005 -21"><span class='ocrx_word' id='word_1_12' title='bbox 364 1155 420 1219; x_wconf 89' lang='lat' dir='ltr'>est</span> <span class='ocrx_word' id='word_1_13' title='bbox 441 1153 484 1221; x_wconf 91' lang='lat' dir='ltr'>ad</span> <span class='ocrx_word' id='word_1_14' title='bbox 506 1155 689 1223; x_wconf 90' lang='lat' dir='ltr'>secundam</span> <span class='ocrx_word' id='word_1_15' title='bbox 708 1173 794 1240; x_wconf 86' lang='lat' dir='ltr'>quae</span> <span class='ocrx_word' id='word_1_16' title='bbox 812 1161 891 1240; x_wconf 91' lang='lat' dir='ltr'>post</span> <span class='ocrx_word' id='word_1_17' title='bbox 910 1157 974 1224; x_wconf 89' lang='lat' dir='ltr'>XL</span> <span class='ocrx_word' id='word_1_18' title='bbox 986 1177 1153 1227; x_wconf 88' lang='lat' dir='ltr'>annorum</span> <span class='ocrx_word' id='word_1_19' title='bbox 1165 1158 1381 1227; x_wconf 88' lang='lat' dir='ltr'>intervallum</span> <span class='ocrx_word' id='word_1_20' title='bbox 1394 1156 1444 1240; x_wconf 85' lang='lat' dir='ltr'>(a⁰</span> <span class='ocrx_word' id='word_1_21' title='bbox 1459 1158 1560 1238; x_wconf 81' lang='lat'>1594)</span> 
     </span>
     <span class='ocr_line' id='line_1_4' title="bbox 364 1275 1560 1366; baseline 0.005 -24"><span class='ocrx_word' id='word_1_22' title='bbox 364 1275 498 1357; x_wconf 90' lang='lat' dir='ltr'>prodiit.</span> <span class='ocrx_word' id='word_1_23' title='bbox 529 1276 693 1361; x_wconf 77' lang='lat' dir='ltr'><strong>Tempora</strong></span> <span class='ocrx_word' id='word_1_24' title='bbox 722 1279 853 1348; x_wconf 90' lang='lat' dir='ltr'>interea</span> <span class='ocrx_word' id='word_1_25' title='bbox 879 1284 1013 1348; x_wconf 81' lang='lat' dir='ltr'>mutata</span> <span class='ocrx_word' id='word_1_26' title='bbox 1035 1283 1144 1366; x_wconf 89' lang='lat' dir='ltr'>erant,</span> <span class='ocrx_word' id='word_1_27' title='bbox 1167 1284 1367 1350; x_wconf 87' lang='lat' dir='ltr'>acerrimum</span> <span class='ocrx_word' id='word_1_28' title='bbox 1391 1280 1471 1348; x_wconf 92' lang='lat' dir='ltr'>illud</span> <span class='ocrx_word' id='word_1_29' title='bbox 1493 1298 1560 1349; x_wconf 90' lang='lat' dir='ltr'>cer·</span> 
     </span>
     <span class='ocr_line' id='line_1_5' title="bbox 364 1398 1560 1484; baseline 0.005 -21"><span class='ocrx_word' id='word_1_30' title='bbox 364 1399 481 1464; x_wconf 88' lang='lat' dir='ltr'>tamen</span> <span class='ocrx_word' id='word_1_31' title='bbox 500 1415 560 1480; x_wconf 89' lang='lat' dir='ltr'>pro</span> <span class='ocrx_word' id='word_1_32' title='bbox 577 1398 732 1468; x_wconf 83' lang='lat' dir='ltr'>libertate</span> <span class='ocrx_word' id='word_1_33' title='bbox 751 1405 926 1469; x_wconf 81' lang='lat' dir='ltr'>exarserat</span> <span class='ocrx_word' id='word_1_34' title='bbox 944 1407 980 1469; x_wconf 90' lang='lat' dir='ltr'>et</span> <span class='ocrx_word' id='word_1_35' title='bbox 996 1403 1090 1470; x_wconf 89' lang='lat' dir='ltr'>vario</span> <span class='ocrx_word' id='word_1_36' title='bbox 1102 1419 1261 1470; x_wconf 82' lang='lat' dir='ltr'>successu</span> <span class='ocrx_word' id='word_1_37' title='bbox 1274 1407 1410 1484; x_wconf 81' lang='lat' dir='ltr'>gestum</span> <span class='ocrx_word' id='word_1_38' title='bbox 1421 1403 1560 1470; x_wconf 88' lang='lat' dir='ltr'>tandem</span> 
     </span>
     <span class='ocr_line' id='line_1_6' title="bbox 364 1522 1560 1608; baseline 0.005 -22"><span class='ocrx_word' id='word_1_39' title='bbox 364 1536 404 1587; x_wconf 94' lang='lat' dir='ltr'>eo</span> <span class='ocrx_word' id='word_1_40' title='bbox 434 1525 596 1588; x_wconf 86' lang='lat' dir='ltr'>evenerat</span> <span class='ocrx_word' id='word_1_41' title='bbox 623 1524 665 1589; x_wconf 92' lang='lat' dir='ltr'>ut</span> <span class='ocrx_word' id='word_1_42' title='bbox 691 1522 848 1591; x_wconf 85' lang='lat' dir='ltr'>Flandria</span> <span class='ocrx_word' id='word_1_43' title='bbox 871 1528 907 1591; x_wconf 88' lang='lat' dir='ltr'>et</span> <span class='ocrx_word' id='word_1_44' title='bbox 930 1524 1123 1608; x_wconf 85' lang='lat' dir='ltr'>Brabantia,</span> <span class='ocrx_word' id='word_1_45' title='bbox 1146 1529 1182 1591; x_wconf 92' lang='lat' dir='ltr'>et</span> <span class='ocrx_word' id='word_1_46' title='bbox 1205 1524 1381 1608; x_wconf 83' lang='lat' dir='ltr'>praecipue</span> <span class='ocrx_word' id='word_1_47' title='bbox 1404 1523 1560 1592; x_wconf 83' lang='lat' dir='ltr'>Anversa</span> 
     </span>
     <span class='ocr_line' id='line_1_7' title="bbox 364 1641 1560 1729; baseline 0.002 -19"><span class='ocrx_word' id='word_1_48' title='bbox 364 1645 445 1710; x_wconf 88' lang='lat' dir='ltr'>urbs</span> <span class='ocrx_word' id='word_1_49' title='bbox 474 1641 530 1711; x_wconf 87' lang='lat' dir='ltr'>illa</span> <span class='ocrx_word' id='word_1_50' title='bbox 556 1644 757 1728; x_wconf 86' lang='lat' dir='ltr'>perillustris</span> <span class='ocrx_word' id='word_1_51' title='bbox 780 1645 985 1726; x_wconf 83' lang='lat' dir='ltr'>subiugum</span> <span class='ocrx_word' id='word_1_52' title='bbox 1008 1645 1096 1726; x_wconf 81' lang='lat' dir='ltr'>rogis</span> <span class='ocrx_word' id='word_1_53' title='bbox 1119 1645 1303 1729; x_wconf 87' lang='lat' dir='ltr'>Hispaniae</span> <span class='ocrx_word' id='word_1_54' title='bbox 1325 1645 1484 1713; x_wconf 88' lang='lat' dir='ltr'>redirent.</span> <span class='ocrx_word' id='word_1_55' title='bbox 1507 1644 1560 1712; x_wconf 74' lang='lat' dir='ltr'>lix</span> 
     </span>
     <span class='ocr_line' id='line_1_8' title="bbox 364 1765 1560 1858; baseline 0.002 -28"><span class='ocrx_word' id='word_1_56' title='bbox 364 1765 532 1832; x_wconf 85' lang='lat' dir='ltr'>contrario</span> <span class='ocrx_word' id='word_1_57' title='bbox 552 1765 742 1858; x_wconf 5' lang='lat' dir='ltr'>‘Hoilandia</span> <span class='ocrx_word' id='word_1_58' title='bbox 767 1765 939 1849; x_wconf 83' lang='lat' dir='ltr'>provincia</span> <span class='ocrx_word' id='word_1_59' title='bbox 963 1765 1102 1847; x_wconf 86' lang='lat' dir='ltr'>marina,</span> <span class='ocrx_word' id='word_1_60' title='bbox 1127 1781 1212 1847; x_wconf 88' lang='lat' dir='ltr'>quae</span> <span class='ocrx_word' id='word_1_61' title='bbox 1234 1769 1337 1833; x_wconf 90' lang='lat' dir='ltr'>antea</span> <span class='ocrx_word' id='word_1_62' title='bbox 1356 1768 1560 1833; x_wconf 84' lang='lat' dir='ltr'>mercatores</span> 
     </span>
     <span class='ocr_line' id='line_1_9' title="bbox 365 1885 1560 1970; baseline -0.001 -17"><span class='ocrx_word' id='word_1_63' title='bbox 365 1887 504 1953; x_wconf 89' lang='lat' dir='ltr'>tantum</span> <span class='ocrx_word' id='word_1_64' title='bbox 534 1890 571 1954; x_wconf 89' lang='lat' dir='ltr'>et</span> <span class='ocrx_word' id='word_1_65' title='bbox 599 1887 783 1970; x_wconf 83' lang='lat' dir='ltr'>piscatores</span> <span class='ocrx_word' id='word_1_66' title='bbox 813 1890 850 1953; x_wconf 89' lang='lat' dir='ltr'>et</span> <span class='ocrx_word' id='word_1_67' title='bbox 878 1885 1038 1967; x_wconf 84' lang='lat' dir='ltr'>agricolas</span> <span class='ocrx_word' id='word_1_68' title='bbox 1069 1885 1209 1970; x_wconf 85' lang='lat' dir='ltr'>aluerat,</span> <span class='ocrx_word' id='word_1_69' title='bbox 1241 1886 1299 1953; x_wconf 88' lang='lat' dir='ltr'>sed</span> <span class='ocrx_word' id='word_1_70' title='bbox 1322 1885 1431 1953; x_wconf 91' lang='lat' dir='ltr'>literis</span> <span class='ocrx_word' id='word_1_71' title='bbox 1453 1901 1560 1968; x_wconf 88' lang='lat' dir='ltr'>paene</span> 
     </span>
     <span class='ocr_line' id='line_1_10' title="bbox 364 2005 1560 2093; baseline 0.003 -21"><span class='ocrx_word' id='word_1_72' title='bbox 364 2005 530 2074; x_wconf 85' lang='lat' dir='ltr'>destituta</span> <span class='ocrx_word' id='word_1_73' title='bbox 560 2007 680 2093; x_wconf 87' lang='lat' dir='ltr'>fuerat,</span> <span class='ocrx_word' id='word_1_74' title='bbox 711 2009 815 2090; x_wconf 89' lang='lat' dir='ltr'>caput</span> <span class='ocrx_word' id='word_1_75' title='bbox 844 2007 1038 2074; x_wconf 85' lang='lat' dir='ltr'>extollebat.</span> <span class='ocrx_word' id='word_1_76' title='bbox 1063 2005 1146 2074; x_wconf 84' lang='lat' dir='ltr'>Miro</span> <span class='ocrx_word' id='word_1_77' title='bbox 1169 2006 1285 2074; x_wconf 89' lang='lat' dir='ltr'>ardore</span> <span class='ocrx_word' id='word_1_78' title='bbox 1308 2006 1465 2076; x_wconf 88' lang='lat' dir='ltr'>Hellandi</span> <span class='ocrx_word' id='word_1_79' title='bbox 1487 2008 1560 2076; x_wconf 89' lang='lat' dir='ltr'>reli·</span> 
     </span>
     <span class='ocr_line' id='line_1_11' title="bbox 364 2126 1560 2212; baseline 0 -16"><span class='ocrx_word' id='word_1_80' title='bbox 364 2129 497 2209; x_wconf 66' lang='lat' dir='ltr'>monem</span> <span class='ocrx_word' id='word_1_81' title='bbox 527 2128 744 2197; x_wconf 86' lang='lat' dir='ltr'>reformatam</span> <span class='ocrx_word' id='word_1_82' title='bbox 775 2126 938 2197; x_wconf 88' lang='lat' dir='ltr'>colebant.</span> <span class='ocrx_word' id='word_1_83' title='bbox 970 2127 1159 2210; x_wconf 82' lang='lat' dir='ltr'>scripturae</span> <span class='ocrx_word' id='word_1_84' title='bbox 1189 2127 1310 2196; x_wconf 85' lang='lat' dir='ltr'>Sacrae</span> <span class='ocrx_word' id='word_1_85' title='bbox 1333 2144 1436 2212; x_wconf 87' lang='lat' dir='ltr'>quam</span> <span class='ocrx_word' id='word_1_86' title='bbox 1459 2145 1560 2197; x_wconf 93' lang='lat' dir='ltr'>nemo</span> 
     </span>
     <span class='ocr_line' id='line_1_12' title="bbox 365 2247 1560 2332; baseline 0.003 -16"><span class='ocrx_word' id='word_1_87' title='bbox 365 2265 432 2316; x_wconf 93' lang='lat' dir='ltr'>non</span> <span class='ocrx_word' id='word_1_88' title='bbox 461 2247 570 2332; x_wconf 83' lang='lat' dir='ltr'>legere</span> <span class='ocrx_word' id='word_1_89' title='bbox 598 2250 765 2332; x_wconf 89' lang='lat' dir='ltr'>cupiebat,</span> <span class='ocrx_word' id='word_1_90' title='bbox 797 2248 981 2332; x_wconf 85' lang='lat' dir='ltr'>quotannis</span> <span class='ocrx_word' id='word_1_91' title='bbox 1002 2248 1072 2315; x_wconf 82' lang='lat' dir='ltr'>tere</span> <span class='ocrx_word' id='word_1_92' title='bbox 1094 2264 1203 2316; x_wconf 86' lang='lat' dir='ltr'>novae</span> <span class='ocrx_word' id='word_1_93' title='bbox 1226 2249 1390 2317; x_wconf 91' lang='lat' dir='ltr'>editiones</span> <span class='ocrx_word' id='word_1_94' title='bbox 1415 2250 1560 2332; x_wconf 77' lang='lat' dir='ltr'>belgicae</span> 
     </span>
     <span class='ocr_line' id='line_1_13' title="bbox 365 2369 1560 2458; baseline 0.002 -20"><span class='ocrx_word' id='word_1_95' title='bbox 365 2369 531 2454; x_wconf 85' lang='lat' dir='ltr'>Dordraci,</span> <span class='ocrx_word' id='word_1_96' title='bbox 555 2369 694 2455; x_wconf 68' lang='lat' dir='ltr'>Mltos,</span> <span class='ocrx_word' id='word_1_97' title='bbox 718 2369 874 2453; x_wconf 84' lang='lat' dir='ltr'>Lugduni</span> <span class='ocrx_word' id='word_1_98' title='bbox 893 2371 1102 2438; x_wconf 85' lang='lat' dir='ltr'>Batavorum</span> <span class='ocrx_word' id='word_1_99' title='bbox 1119 2371 1156 2437; x_wconf 93' lang='lat' dir='ltr'>et</span> <span class='ocrx_word' id='word_1_100' title='bbox 1175 2370 1210 2437; x_wconf 93' lang='lat' dir='ltr'>in</span> <span class='ocrx_word' id='word_1_101' title='bbox 1229 2370 1305 2438; x_wconf 90' lang='lat' dir='ltr'>aliis</span> <span class='ocrx_word' id='word_1_102' title='bbox 1316 2372 1465 2458; x_wconf 87' lang='lat' dir='ltr'>urbibus,</span> <span class='ocrx_word' id='word_1_103' title='bbox 1479 2389 1560 2440; x_wconf 86' lang='lat' dir='ltr'>mox</span> 
     </span>
     <span class='ocr_line' id='line_1_14' title="bbox 365 2490 1560 2576; baseline 0.003 -16"><span class='ocrx_word' id='word_1_104' title='bbox 365 2493 468 2560; x_wconf 90' lang='lat' dir='ltr'>etiam</span> <span class='ocrx_word' id='word_1_105' title='bbox 499 2491 746 2560; x_wconf 87' lang='lat' dir='ltr'>Amstelodami</span> <span class='ocrx_word' id='word_1_106' title='bbox 776 2492 812 2558; x_wconf 92' lang='lat' dir='ltr'>in</span> <span class='ocrx_word' id='word_1_107' title='bbox 842 2490 953 2559; x_wconf 89' lang='lat' dir='ltr'>lucem</span> <span class='ocrx_word' id='word_1_108' title='bbox 984 2491 1218 2558; x_wconf 85' lang='lat' dir='ltr'>mittebantur.</span> <span class='ocrx_word' id='word_1_109' title='bbox 1254 2490 1349 2560; x_wconf 82' lang='lat' dir='ltr'>&#39;luno</span> <span class='ocrx_word' id='word_1_110' title='bbox 1379 2492 1560 2576; x_wconf 88' lang='lat' dir='ltr'>Iosephum</span> 
     </span>
     <span class='ocr_line' id='line_1_15' title="bbox 365 2611 1560 2698; baseline 0.002 -16"><span class='ocrx_word' id='word_1_111' title='bbox 365 2630 506 2698; x_wconf 85' lang='lat' dir='ltr'>quoquo,</span> <span class='ocrx_word' id='word_1_112' title='bbox 529 2617 702 2682; x_wconf 83' lang='lat' dir='ltr'>auctorem</span> <span class='ocrx_word' id='word_1_113' title='bbox 721 2612 816 2681; x_wconf 92' lang='lat' dir='ltr'>illum</span> <span class='ocrx_word' id='word_1_114' title='bbox 836 2629 938 2696; x_wconf 88' lang='lat' dir='ltr'>quem</span> <span class='ocrx_word' id='word_1_115' title='bbox 957 2614 1036 2695; x_wconf 88' lang='lat' dir='ltr'>post</span> <span class='ocrx_word' id='word_1_116' title='bbox 1055 2611 1197 2678; x_wconf 90' lang='lat' dir='ltr'>Bibliam</span> <span class='ocrx_word' id='word_1_117' title='bbox 1217 2613 1450 2697; x_wconf 86' lang='lat' dir='ltr'>unusquisque</span> <span class='ocrx_word' id='word_1_118' title='bbox 1468 2632 1560 2697; x_wconf 78' lang='lat' dir='ltr'>prae</span> 
     </span>
     <span class='ocr_line' id='line_1_16' title="bbox 365 2733 1560 2820; baseline 0.004 -19"><span class='ocrx_word' id='word_1_119' title='bbox 365 2734 460 2818; x_wconf 87' lang='lat' dir='ltr'>cipue</span> <span class='ocrx_word' id='word_1_120' title='bbox 482 2734 591 2819; x_wconf 81' lang='lat' dir='ltr'>legere</span> <span class='ocrx_word' id='word_1_121' title='bbox 614 2735 759 2820; x_wconf 87' lang='lat' dir='ltr'>volebat,</span> <span class='ocrx_word' id='word_1_122' title='bbox 783 2735 819 2801; x_wconf 92' lang='lat' dir='ltr'>in</span> <span class='ocrx_word' id='word_1_123' title='bbox 842 2733 992 2817; x_wconf 85' lang='lat' dir='ltr'>linguam</span> <span class='ocrx_word' id='word_1_124' title='bbox 1010 2733 1228 2801; x_wconf 81' lang='lat' dir='ltr'>remaculam</span> <span class='ocrx_word' id='word_1_125' title='bbox 1247 2751 1385 2802; x_wconf 89' lang='lat' dir='ltr'>versum</span> <span class='ocrx_word' id='word_1_126' title='bbox 1402 2736 1560 2806; x_wconf 90' lang='lat' dir='ltr'>inlucem</span> 
     </span>
     <span class='ocr_line' id='line_1_17' title="bbox 365 2856 1559 2942; baseline 0.001 -18"><span class='ocrx_word' id='word_1_127' title='bbox 365 2857 461 2926; x_wconf 89' lang='lat' dir='ltr'>edere</span> <span class='ocrx_word' id='word_1_128' title='bbox 491 2862 718 2942; x_wconf 92' lang='lat' dir='ltr'>opportunum</span> <span class='ocrx_word' id='word_1_129' title='bbox 749 2857 861 2924; x_wconf 86' lang='lat' dir='ltr'>visum</span> <span class='ocrx_word' id='word_1_130' title='bbox 886 2858 950 2923; x_wconf 90' lang='lat' dir='ltr'>est.</span> <span class='ocrx_word' id='word_1_131' title='bbox 976 2856 1003 2921; x_wconf 84' lang='lat' dir='ltr'><strong>E</strong></span> <span class='ocrx_word' id='word_1_132' title='bbox 1028 2872 1136 2923; x_wconf 86' lang='lat' dir='ltr'>novae</span> <span class='ocrx_word' id='word_1_133' title='bbox 1158 2856 1261 2923; x_wconf 91' lang='lat' dir='ltr'>huius</span> <span class='ocrx_word' id='word_1_134' title='bbox 1283 2857 1441 2925; x_wconf 91' lang='lat' dir='ltr'>editionis</span> <span class='ocrx_word' id='word_1_135' title='bbox 1462 2857 1559 2940; x_wconf 82' lang='lat' dir='ltr'>longo</span> 
     </span>
     <span class='ocr_line' id='line_1_18' title="bbox 365 2976 1559 3062; baseline 0.002 -17"><span class='ocrx_word' id='word_1_136' title='bbox 365 2976 465 3046; x_wconf 88' lang='lat' dir='ltr'>titulo</span> <span class='ocrx_word' id='word_1_137' title='bbox 495 2979 550 3046; x_wconf 93' lang='lat' dir='ltr'>hic</span> <span class='ocrx_word' id='word_1_138' title='bbox 581 2982 719 3047; x_wconf 89' lang='lat' dir='ltr'>tantum</span> <span class='ocrx_word' id='word_1_139' title='bbox 750 2995 874 3062; x_wconf 92' lang='lat' dir='ltr'>ponam</span> <span class='ocrx_word' id='word_1_140' title='bbox 901 2977 1040 3044; x_wconf 92' lang='lat' dir='ltr'>nomina</span> <span class='ocrx_word' id='word_1_141' title='bbox 1062 2977 1229 3045; x_wconf 89' lang='lat' dir='ltr'>editorum</span> <span class='ocrx_word' id='word_1_142' title='bbox 1251 2977 1467 3047; x_wconf 88' lang='lat' dir='ltr'>Leidensinm</span> <span class='ocrx_word' id='word_1_143' title='bbox 1493 2981 1559 3047; x_wconf 89' lang='lat' dir='ltr'>Jan</span> 
     </span>
     <span class='ocr_line' id='line_1_19' title="bbox 366 3099 1560 3177; baseline 0.002 -11"><span class='ocrx_word' id='word_1_144' title='bbox 366 3099 489 3167; x_wconf 89' lang='lat' dir='ltr'>Paedts</span> <span class='ocrx_word' id='word_1_145' title='bbox 511 3100 716 3168; x_wconf 85' lang='lat' dir='ltr'>Jacobszoon</span> <span class='ocrx_word' id='word_1_146' title='bbox 739 3103 775 3168; x_wconf 90' lang='lat' dir='ltr'>et</span> <span class='ocrx_word' id='word_1_147' title='bbox 797 3100 863 3168; x_wconf 85' lang='lat' dir='ltr'>lan</span> <span class='ocrx_word' id='word_1_148' title='bbox 886 3100 1150 3177; x_wconf 86' lang='lat' dir='ltr'>Bouwenszoon,</span> <span class='ocrx_word' id='word_1_149' title='bbox 1174 3101 1210 3166; x_wconf 90' lang='lat' dir='ltr'>et</span> <span class='ocrx_word' id='word_1_150' title='bbox 1231 3100 1560 3169; x_wconf 85' lang='lat' dir='ltr'>Amstelodamensis</span> 
     </span>
     <span class='ocr_line' id='line_1_20' title="bbox 364 3219 1559 3304; baseline 0.002 -17"><span class='ocrx_word' id='word_1_151' title='bbox 364 3220 515 3289; x_wconf 85' lang='lat' dir='ltr'>Laurens</span> <span class='ocrx_word' id='word_1_152' title='bbox 547 3221 764 3300; x_wconf 82' lang='lat' dir='ltr'>Jacobsnoon,</span> <span class='ocrx_word' id='word_1_153' title='bbox 800 3222 858 3304; x_wconf 91' lang='lat' dir='ltr'>qni</span> <span class='ocrx_word' id='word_1_154' title='bbox 892 3220 1052 3287; x_wconf 88' lang='lat' dir='ltr'>societate</span> <span class='ocrx_word' id='word_1_155' title='bbox 1086 3219 1258 3288; x_wconf 89' lang='lat' dir='ltr'>coniuncti</span> <span class='ocrx_word' id='word_1_156' title='bbox 1291 3223 1362 3288; x_wconf 89' lang='lat' dir='ltr'>iam</span> <span class='ocrx_word' id='word_1_157' title='bbox 1394 3221 1559 3290; x_wconf 88' lang='lat' dir='ltr'>editiones</span> 
     </span>
     <span class='ocr_line' id='line_1_21' title="bbox 364 3343 1558 3427; baseline -0.003 -15"><span class='ocrx_word' id='word_1_158' title='bbox 364 3343 550 3427; x_wconf 83' lang='lat' dir='ltr'>complures</span> <span class='ocrx_word' id='word_1_159' title='bbox 572 3343 699 3411; x_wconf 83' lang='lat' dir='ltr'>Bibliae</span> <span class='ocrx_word' id='word_1_160' title='bbox 719 3343 914 3425; x_wconf 88' lang='lat' dir='ltr'>emiserant,</span> <span class='ocrx_word' id='word_1_161' title='bbox 939 3358 1001 3408; x_wconf 91' lang='lat' dir='ltr'>nec</span> <span class='ocrx_word' id='word_1_162' title='bbox 1024 3358 1091 3408; x_wconf 91' lang='lat' dir='ltr'>non</span> <span class='ocrx_word' id='word_1_163' title='bbox 1111 3357 1235 3409; x_wconf 90' lang='lat' dir='ltr'>nomen</span> <span class='ocrx_word' id='word_1_164' title='bbox 1254 3343 1449 3411; x_wconf 87' lang='lat' dir='ltr'>etoiiicium</span> <span class='ocrx_word' id='word_1_165' title='bbox 1460 3344 1558 3410; x_wconf 88' lang='lat' dir='ltr'>inter·</span> 
     </span>
     <span class='ocr_line' id='line_1_22' title="bbox 363 3461 1560 3549; baseline 0 -17"><span class='ocrx_word' id='word_1_166' title='bbox 363 3465 470 3548; x_wconf 87' lang='lat' dir='ltr'>protis</span> <span class='ocrx_word' id='word_1_167' title='bbox 493 3466 654 3534; x_wconf 80' lang='lat' dir='ltr'>liverardi</span> <span class='ocrx_word' id='word_1_168' title='bbox 677 3464 864 3543; x_wconf 90' lang='lat' dir='ltr'>Bommelii,</span> <span class='ocrx_word' id='word_1_169' title='bbox 885 3462 978 3530; x_wconf 87' lang='lat' dir='ltr'>verbi</span> <span class='ocrx_word' id='word_1_170' title='bbox 997 3461 1113 3529; x_wconf 87' lang='lat' dir='ltr'>Divini</span> <span class='ocrx_word' id='word_1_171' title='bbox 1134 3463 1280 3531; x_wconf 88' lang='lat' dir='ltr'>Ministri</span> <span class='ocrx_word' id='word_1_172' title='bbox 1298 3464 1334 3531; x_wconf 91' lang='lat' dir='ltr'>in</span> <span class='ocrx_word' id='word_1_173' title='bbox 1353 3482 1437 3549; x_wconf 86' lang='lat' dir='ltr'>pago</span> <span class='ocrx_word' id='word_1_174' title='bbox 1458 3466 1560 3534; x_wconf 87' lang='lat' dir='ltr'>Voor·</span> 
     </span>
     <span class='ocr_line' id='line_1_23' title="bbox 364 3584 1558 3673; baseline -0.001 -17"><span class='ocrx_word' id='word_1_175' title='bbox 364 3588 513 3673; x_wconf 89' lang='lat' dir='ltr'>schoten,</span> <span class='ocrx_word' id='word_1_176' title='bbox 538 3589 658 3671; x_wconf 87' lang='lat' dir='ltr'>quiex</span> <span class='ocrx_word' id='word_1_177' title='bbox 677 3587 860 3656; x_wconf 87' lang='lat' dir='ltr'>recentiore</span> <span class='ocrx_word' id='word_1_178' title='bbox 879 3584 1080 3652; x_wconf 84' lang='lat' dir='ltr'>Germanica</span> <span class='ocrx_word' id='word_1_179' title='bbox 1098 3585 1250 3653; x_wconf 87' lang='lat' dir='ltr'>versione</span> <span class='ocrx_word' id='word_1_180' title='bbox 1271 3585 1438 3668; x_wconf 79' lang='lat' dir='ltr'>Belgicam</span> <span class='ocrx_word' id='word_1_181' title='bbox 1459 3605 1558 3655; x_wconf 89' lang='lat' dir='ltr'>suam</span> 
     </span>
     <span class='ocr_line' id='line_1_24' title="bbox 364 3707 1560 3791; baseline -0.001 -14"><span class='ocrx_word' id='word_1_182' title='bbox 364 3710 516 3778; x_wconf 83' lang='lat' dir='ltr'>coniecit</span> <span class='ocrx_word' id='word_1_183' title='bbox 548 3710 601 3776; x_wconf 81' lang='lat' dir='ltr'>Ex</span> <span class='ocrx_word' id='word_1_184' title='bbox 632 3709 706 3778; x_wconf 89' lang='lat' dir='ltr'>eius</span> <span class='ocrx_word' id='word_1_185' title='bbox 728 3707 945 3791; x_wconf 83' lang='lat' dir='ltr'>praefatione,</span> <span class='ocrx_word' id='word_1_186' title='bbox 969 3723 1036 3788; x_wconf 87' lang='lat' dir='ltr'>qua</span> <span class='ocrx_word' id='word_1_187' title='bbox 1057 3722 1142 3789; x_wconf 90' lang='lat' dir='ltr'>opus</span> <span class='ocrx_word' id='word_1_188' title='bbox 1164 3723 1266 3773; x_wconf 88' lang='lat' dir='ltr'>suurn</span> <span class='ocrx_word' id='word_1_189' title='bbox 1288 3707 1460 3776; x_wconf 90' lang='lat' dir='ltr'>ordinibus</span> <span class='ocrx_word' id='word_1_190' title='bbox 1482 3708 1560 3776; x_wconf 86' lang='lat' dir='ltr'>Hol-</span> 
     </span>
     <span class='ocr_line' id='line_1_25' title="bbox 363 3829 1560 3915; baseline -0.001 -16"><span class='ocrx_word' id='word_1_191' title='bbox 363 3829 493 3899; x_wconf 86' lang='lat' dir='ltr'>landiae</span> <span class='ocrx_word' id='word_1_192' title='bbox 533 3831 710 3915; x_wconf 84' lang='lat' dir='ltr'>dedicavit,</span> <span class='ocrx_word' id='word_1_193' title='bbox 754 3846 861 3913; x_wconf 89' lang='lat' dir='ltr'>pauca</span> <span class='ocrx_word' id='word_1_194' title='bbox 898 3829 952 3895; x_wconf 91' lang='lat' dir='ltr'>hic</span> <span class='ocrx_word' id='word_1_195' title='bbox 989 3832 1189 3911; x_wconf 89' lang='lat' dir='ltr'>sequuntur.</span> <span class='ocrx_word' id='word_1_196' title='bbox 1233 3830 1351 3898; x_wconf 87' lang='lat' dir='ltr'>Versio</span> <span class='ocrx_word' id='word_1_197' title='bbox 1389 3830 1560 3914; x_wconf 87' lang='lat' dir='ltr'>antiquior</span> 
     </span>
     <span class='ocr_line' id='line_1_26' title="bbox 364 3949 1559 4036; baseline 0 -16"><span class='ocrx_word' id='word_1_198' title='bbox 364 3952 490 4021; x_wconf 84' lang='lat' dir='ltr'>Nicolai</span> <span class='ocrx_word' id='word_1_199' title='bbox 513 3970 582 4020; x_wconf 82' lang='lat' dir='ltr'>van</span> <span class='ocrx_word' id='word_1_200' title='bbox 608 3952 753 4034; x_wconf 84' lang='lat' dir='ltr'>Winghe</span> <span class='ocrx_word' id='word_1_201' title='bbox 771 3953 803 4019; x_wconf 93' lang='lat' dir='ltr'>ei</span> <span class='ocrx_word' id='word_1_202' title='bbox 823 3951 922 4035; x_wconf 90' lang='lat' dir='ltr'>plane</span> <span class='ocrx_word' id='word_1_203' title='bbox 939 3949 1057 4031; x_wconf 86' lang='lat' dir='ltr'>ignota</span> <span class='ocrx_word' id='word_1_204' title='bbox 1074 3949 1180 4017; x_wconf 84' lang='lat' dir='ltr'>fuisse</span> <span class='ocrx_word' id='word_1_205' title='bbox 1191 3951 1336 4030; x_wconf 87' lang='lat' dir='ltr'>videtur,</span> <span class='ocrx_word' id='word_1_206' title='bbox 1348 3953 1406 4020; x_wconf 88' lang='lat' dir='ltr'>sed</span> <span class='ocrx_word' id='word_1_207' title='bbox 1418 3953 1493 4036; x_wconf 91' lang='lat' dir='ltr'>ipsa</span> <span class='ocrx_word' id='word_1_208' title='bbox 1504 3968 1559 4019; x_wconf 86' lang='lat' dir='ltr'>res</span> 
     </span>
     <span class='ocr_line' id='line_1_27' title="bbox 363 4070 1474 4158; baseline -0.002 -16"><span class='ocrx_word' id='word_1_209' title='bbox 363 4074 535 4142; x_wconf 87' lang='lat' dir='ltr'>interdum</span> <span class='ocrx_word' id='word_1_210' title='bbox 556 4091 663 4158; x_wconf 88' lang='lat' dir='ltr'>paene</span> <span class='ocrx_word' id='word_1_211' title='bbox 685 4072 833 4141; x_wconf 88' lang='lat' dir='ltr'>similem</span> <span class='ocrx_word' id='word_1_212' title='bbox 855 4070 1104 4140; x_wconf 89' lang='lat' dir='ltr'>sententiarum</span> <span class='ocrx_word' id='word_1_213' title='bbox 1128 4070 1280 4139; x_wconf 89' lang='lat' dir='ltr'>ordinem</span> <span class='ocrx_word' id='word_1_214' title='bbox 1303 4073 1474 4142; x_wconf 81' lang='lat' dir='ltr'>offerebat.</span> 
     </span>
    </p>
   </div>
   <div class='ocr_carea' id='block_1_3' title="bbox 364 4202 1561 4892">
    <p class='ocr_par' dir='ltr' id='par_1_3' title="bbox 472 4202 1301 4276">
     <span class='ocr_line' id='line_1_28' title="bbox 472 4202 1301 4276; baseline -0.004 -12"><span class='ocrx_word' id='word_1_215' title='bbox 472 4207 572 4265; x_wconf 78' lang='lat' dir='ltr'>Edcle.</span> <span class='ocrx_word' id='word_1_216' title='bbox 583 4249 607 4265; x_wconf 91' lang='lat'>..</span> <span class='ocrx_word' id='word_1_217' title='bbox 627 4206 745 4276; x_wconf 87' lang='lat' dir='ltr'>Heercn,</span> <span class='ocrx_word' id='word_1_218' title='bbox 762 4205 797 4263; x_wconf 86' lang='lat' dir='ltr'>de</span> <span class='ocrx_word' id='word_1_219' title='bbox 814 4206 922 4261; x_wconf 86' lang='lat' dir='ltr'>Heeren</span> <span class='ocrx_word' id='word_1_220' title='bbox 939 4203 1034 4261; x_wconf 81' lang='lat' dir='ltr'>Staten</span> <span class='ocrx_word' id='word_1_221' title='bbox 1052 4221 1105 4260; x_wconf 83' lang='lat' dir='ltr'>ran</span> <span class='ocrx_word' id='word_1_222' title='bbox 1122 4202 1248 4276; x_wconf 85' lang='lat' dir='ltr'>Hellant,</span> <span class='ocrx_word' id='word_1_223' title='bbox 1258 4249 1264 4262; x_wconf 93' lang='lat'><em>.</em></span> <span class='ocrx_word' id='word_1_224' title='bbox 1276 4245 1301 4262; x_wconf 88' lang='lat'>..</span> 
     </span>
    </p>

    <p class='ocr_par' dir='ltr' id='par_1_4' title="bbox 364 4289 1560 4630">
     <span class='ocr_line' id='line_1_29' title="bbox 449 4289 1560 4367; baseline -0.003 -15.211"><span class='ocrx_word' id='word_1_225' title='bbox 449 4294 536 4352; x_wconf 80' lang='lat' dir='ltr'>Naest</span> <span class='ocrx_word' id='word_1_226' title='bbox 558 4293 593 4351; x_wconf 89' lang='lat' dir='ltr'>dc</span> <span class='ocrx_word' id='word_1_227' title='bbox 617 4293 788 4367; x_wconf 72' lang='lat' dir='ltr'>oedeninghc</span> <span class='ocrx_word' id='word_1_228' title='bbox 812 4293 842 4349; x_wconf 93' lang='lat' dir='ltr'>in</span> <span class='ocrx_word' id='word_1_229' title='bbox 867 4291 957 4348; x_wconf 82' lang='lat' dir='ltr'>(ledes</span> <span class='ocrx_word' id='word_1_230' title='bbox 981 4297 1077 4359; x_wconf 76' lang='lat' dir='ltr'>voert,</span> <span class='ocrx_word' id='word_1_231' title='bbox 1101 4289 1169 4347; x_wconf 88' lang='lat' dir='ltr'>ende</span> <span class='ocrx_word' id='word_1_232' title='bbox 1187 4291 1312 4367; x_wconf 69' lang='lat' dir='ltr'>heylighe</span> <span class='ocrx_word' id='word_1_233' title='bbox 1330 4293 1440 4363; x_wconf 72' lang='lat' dir='ltr'>schrift,</span> <span class='ocrx_word' id='word_1_234' title='bbox 1458 4293 1560 4350; x_wconf 80' lang='lat' dir='ltr'>welckc</span> 
     </span>
     <span class='ocr_line' id='line_1_30' title="bbox 364 4376 1560 4457; baseline -0.002 -19"><span class='ocrx_word' id='word_1_235' title='bbox 364 4379 451 4438; x_wconf 84' lang='lat' dir='ltr'>alleen</span> <span class='ocrx_word' id='word_1_236' title='bbox 468 4399 520 4438; x_wconf 87' lang='lat' dir='ltr'>een</span> <span class='ocrx_word' id='word_1_237' title='bbox 538 4380 629 4457; x_wconf 76' lang='lat' dir='ltr'>reghol</span> <span class='ocrx_word' id='word_1_238' title='bbox 647 4399 727 4438; x_wconf 82' lang='lat' dir='ltr'>omes</span> <span class='ocrx_word' id='word_1_239' title='bbox 744 4379 874 4455; x_wconf 82' lang='lat' dir='ltr'>gheloois,</span> <span class='ocrx_word' id='word_1_240' title='bbox 892 4379 964 4435; x_wconf 88' lang='lat' dir='ltr'>doen</span> <span class='ocrx_word' id='word_1_241' title='bbox 983 4397 1017 4434; x_wconf 88' lang='lat' dir='ltr'>en</span> <span class='ocrx_word' id='word_1_242' title='bbox 1036 4378 1122 4434; x_wconf 82' lang='lat' dir='ltr'>lateus</span> <span class='ocrx_word' id='word_1_243' title='bbox 1140 4376 1213 4450; x_wconf 73' lang='lat' dir='ltr'>altijt</span> <span class='ocrx_word' id='word_1_244' title='bbox 1232 4378 1345 4438; x_wconf 82' lang='lat' dir='ltr'>bchoort</span> <span class='ocrx_word' id='word_1_245' title='bbox 1360 4399 1426 4438; x_wconf 82' lang='lat' dir='ltr'>voor</span> <span class='ocrx_word' id='word_1_246' title='bbox 1440 4386 1468 4438; x_wconf 85' lang='lat' dir='ltr'>te</span> <span class='ocrx_word' id='word_1_247' title='bbox 1482 4398 1560 4455; x_wconf 77' lang='lat' dir='ltr'>gaen,</span> 
     </span>
     <span class='ocr_line' id='line_1_31' title="bbox 365 4463 1559 4542; baseline -0.002 -17"><span class='ocrx_word' id='word_1_248' title='bbox 365 4487 411 4525; x_wconf 82' lang='lat' dir='ltr'>soo</span> <span class='ocrx_word' id='word_1_249' title='bbox 436 4487 472 4525; x_wconf 85' lang='lat' dir='ltr'>en</span> <span class='ocrx_word' id='word_1_250' title='bbox 495 4468 561 4525; x_wconf 84' lang='lat' dir='ltr'>isser</span> <span class='ocrx_word' id='word_1_251' title='bbox 584 4473 664 4542; x_wconf 64' lang='lat' dir='ltr'>mins</span> <span class='ocrx_word' id='word_1_252' title='bbox 689 4466 863 4525; x_wconf 83' lang='lat' dir='ltr'>bedunckens</span> <span class='ocrx_word' id='word_1_253' title='bbox 880 4465 968 4541; x_wconf 76' lang='lat' dir='ltr'>gheen</span> <span class='ocrx_word' id='word_1_254' title='bbox 987 4463 1220 4539; x_wconf 75' lang='lat' dir='ltr'>nootwondigher,</span> <span class='ocrx_word' id='word_1_255' title='bbox 1238 4465 1360 4541; x_wconf 75' lang='lat' dir='ltr'>lustiger,</span> <span class='ocrx_word' id='word_1_256' title='bbox 1378 4466 1447 4524; x_wconf 86' lang='lat' dir='ltr'>ende</span> <span class='ocrx_word' id='word_1_257' title='bbox 1464 4471 1559 4525; x_wconf 83' lang='lat' dir='ltr'>nutter</span> 
     </span>
     <span class='ocr_line' id='line_1_32' title="bbox 365 4550 1268 4630; baseline -0.003 -18"><span class='ocrx_word' id='word_1_258' title='bbox 365 4555 468 4630; x_wconf 72' lang='lat' dir='ltr'>arbeyt,</span> <span class='ocrx_word' id='word_1_259' title='bbox 486 4554 541 4612; x_wconf 87' lang='lat' dir='ltr'>dan</span> <span class='ocrx_word' id='word_1_260' title='bbox 560 4554 704 4613; x_wconf 78' lang='lat' dir='ltr'>veniendo</span> <span class='ocrx_word' id='word_1_261' title='bbox 722 4555 840 4630; x_wconf 83' lang='lat' dir='ltr'>gheernc</span> <span class='ocrx_word' id='word_1_262' title='bbox 858 4554 889 4610; x_wconf 89' lang='lat' dir='ltr'>in</span> <span class='ocrx_word' id='word_1_263' title='bbox 907 4553 1051 4610; x_wconf 81' lang='lat' dir='ltr'>Histerien</span> <span class='ocrx_word' id='word_1_264' title='bbox 1070 4557 1097 4609; x_wconf 86' lang='lat' dir='ltr'>to</span> <span class='ocrx_word' id='word_1_265' title='bbox 1116 4550 1189 4608; x_wconf 86' lang='lat' dir='ltr'>lesen</span> <span class='ocrx_word' id='word_1_266' title='bbox 1190 4594 1268 4624; x_wconf 88' lang='lat'>.....</span> 
     </span>
    </p>

    <p class='ocr_par' dir='ltr' id='par_1_5' title="bbox 365 4637 1561 4892">
     <span class='ocr_line' id='line_1_33' title="bbox 365 4637 1561 4717; baseline -0.003 -16"><span class='ocrx_word' id='word_1_267' title='bbox 365 4684 406 4703; x_wconf 92' lang='lat'>...</span> <span class='ocrx_word' id='word_1_268' title='bbox 424 4642 504 4700; x_wconf 73' lang='lat' dir='ltr'>Eride</span> <span class='ocrx_word' id='word_1_269' title='bbox 522 4643 573 4700; x_wconf 84' lang='lat' dir='ltr'>hoe</span> <span class='ocrx_word' id='word_1_270' title='bbox 593 4642 644 4700; x_wconf 78' lang='lat' dir='ltr'>wel</span> <span class='ocrx_word' id='word_1_271' title='bbox 661 4642 817 4699; x_wconf 84' lang='lat' dir='ltr'>allerhando</span> <span class='ocrx_word' id='word_1_272' title='bbox 834 4640 977 4698; x_wconf 85' lang='lat' dir='ltr'>Historicn</span> <span class='ocrx_word' id='word_1_273' title='bbox 995 4643 1052 4695; x_wconf 86' lang='lat' dir='ltr'>met</span> <span class='ocrx_word' id='word_1_274' title='bbox 1069 4637 1124 4694; x_wconf 86' lang='lat' dir='ltr'>lust</span> <span class='ocrx_word' id='word_1_275' title='bbox 1141 4639 1210 4696; x_wconf 86' lang='lat' dir='ltr'>ende</span> <span class='ocrx_word' id='word_1_276' title='bbox 1227 4641 1321 4715; x_wconf 87' lang='lat' dir='ltr'>profljt</span> <span class='ocrx_word' id='word_1_277' title='bbox 1337 4660 1436 4717; x_wconf 84' lang='lat' dir='ltr'>mogen</span> <span class='ocrx_word' id='word_1_278' title='bbox 1453 4641 1561 4716; x_wconf 80' lang='lat' dir='ltr'>goleson</span> 
     </span>
     <span class='ocr_line' id='line_1_34' title="bbox 366 4724 1561 4803; baseline -0.001 -17"><span class='ocrx_word' id='word_1_279' title='bbox 366 4728 486 4801; x_wconf 70' lang='lat' dir='ltr'>worden,</span> <span class='ocrx_word' id='word_1_280' title='bbox 509 4748 538 4787; x_wconf 83' lang='lat' dir='ltr'>so</span> <span class='ocrx_word' id='word_1_281' title='bbox 557 4730 623 4787; x_wconf 80' lang='lat' dir='ltr'>inser</span> <span class='ocrx_word' id='word_1_282' title='bbox 641 4730 774 4788; x_wconf 85' lang='lat' dir='ltr'>nochtans</span> <span class='ocrx_word' id='word_1_283' title='bbox 792 4747 842 4785; x_wconf 89' lang='lat' dir='ltr'>een</span> <span class='ocrx_word' id='word_1_284' title='bbox 859 4733 940 4803; x_wconf 78' lang='lat' dir='ltr'>groot</span> <span class='ocrx_word' id='word_1_285' title='bbox 957 4724 1137 4800; x_wconf 75' lang='lat' dir='ltr'>ondersehept</span> <span class='ocrx_word' id='word_1_286' title='bbox 1154 4726 1239 4784; x_wconf 86' lang='lat' dir='ltr'>endor</span> <span class='ocrx_word' id='word_1_287' title='bbox 1257 4726 1311 4784; x_wconf 86' lang='lat' dir='ltr'>den</span> <span class='ocrx_word' id='word_1_288' title='bbox 1328 4747 1417 4803; x_wconf 82' lang='lat' dir='ltr'>genen</span> <span class='ocrx_word' id='word_1_289' title='bbox 1434 4729 1479 4785; x_wconf 88' lang='lat' dir='ltr'>dic</span> <span class='ocrx_word' id='word_1_290' title='bbox 1496 4728 1561 4785; x_wconf 87' lang='lat' dir='ltr'>His·</span> 
     </span>
     <span class='ocr_line' id='line_1_35' title="bbox 366 4813 1561 4892; baseline -0.003 -17"><span class='ocrx_word' id='word_1_291' title='bbox 366 4817 455 4875; x_wconf 81' lang='lat' dir='ltr'>terion</span> <span class='ocrx_word' id='word_1_292' title='bbox 480 4816 656 4892; x_wconf 54' lang='lat' dir='ltr'>beschrfflen,</span> <span class='ocrx_word' id='word_1_293' title='bbox 680 4823 755 4875; x_wconf 79' lang='lat' dir='ltr'>want</span> <span class='ocrx_word' id='word_1_294' title='bbox 777 4815 848 4873; x_wconf 81' lang='lat' dir='ltr'>deon</span> <span class='ocrx_word' id='word_1_295' title='bbox 871 4814 925 4872; x_wconf 87' lang='lat' dir='ltr'>den</span> <span class='ocrx_word' id='word_1_296' title='bbox 948 4813 1068 4870; x_wconf 85' lang='lat' dir='ltr'>anderen</span> <span class='ocrx_word' id='word_1_297' title='bbox 1090 4819 1146 4870; x_wconf 88' lang='lat' dir='ltr'>met</span> <span class='ocrx_word' id='word_1_298' title='bbox 1165 4813 1410 4891; x_wconf 77' lang='lat' dir='ltr'>weloprekentheyt</span> <span class='ocrx_word' id='word_1_299' title='bbox 1426 4820 1455 4874; x_wconf 87' lang='lat' dir='ltr'>tc</span> <span class='ocrx_word' id='word_1_300' title='bbox 1472 4814 1561 4872; x_wconf 78' lang='lat' dir='ltr'>boren</span> 
     </span>
    </p>
   </div>
   <div class='ocr_carea' id='block_1_4' title="bbox 0 0 1928 6006">
    <p class='ocr_par' dir='ltr' id='par_1_6' title="bbox 0 0 1928 6006">
     <span class='ocr_line' id='line_1_36' title="bbox 0 0 1928 6006; baseline 0 0"><span class='ocrx_word' id='word_1_301' title='bbox 0 0 1928 6006; x_wconf 95' lang='lat' dir='ltr'> </span> 
     </span>
    </p>
   </div>
  </div>
 </body>
</html>
