<?xml version="1.0" encoding="UTF-8"?>
<!DOCTYPE html PUBLIC "-//W3C//DTD XHTML 1.0 Transitional//EN"
    "http://www.w3.org/TR/xhtml1/DTD/xhtml1-transitional.dtd">
<html xmlns="http://www.w3.org/1999/xhtml" xml:lang="en" lang="en">
 <head>
  <title>
</title>
<meta http-equiv="Content-Type" content="text/html;charset=utf-8" />
  <meta name='ocr-system' content='tesseract 3.04.00' />
  <meta name='ocr-capabilities' content='ocr_page ocr_carea ocr_par ocr_line ocrx_word'/>
</head>
<body>
  <div class='ocr_page' id='page_1' title='image "./sertumnabericum00nabegoog_0333.png"; bbox 0 0 3848 6006; ppageno 0'>
   <div class='ocr_carea' id='block_1_1' title="bbox 929 840 996 908">
    <p class='ocr_par' dir='ltr' id='par_1_1' title="bbox 929 840 996 908">
     <span class='ocr_line' id='line_1_1' title="bbox 929 840 996 908; baseline 0.015 -2"><span class='ocrx_word' id='word_1_1' title='bbox 929 840 996 908; x_wconf 78' lang='grc'>311</span> 
     </span>
    </p>
   </div>
   <div class='ocr_carea' id='block_1_2' title="bbox 362 1020 1563 4387">
    <p class='ocr_par' dir='ltr' id='par_1_2' title="bbox 362 1020 1563 4387">
     <span class='ocr_line' id='line_1_2' title="bbox 362 1020 1562 1109; baseline -0.008 -13"><span class='ocrx_word' id='word_1_2' title='bbox 362 1026 559 1109; x_wconf 86' lang='lat' dir='ltr'>conspirant</span> <span class='ocrx_word' id='word_1_3' title='bbox 591 1025 633 1091; x_wconf 93' lang='lat' dir='ltr'>ut</span> <span class='ocrx_word' id='word_1_4' title='bbox 666 1022 753 1091; x_wconf 87' lang='lat' dir='ltr'>alter</span> <span class='ocrx_word' id='word_1_5' title='bbox 787 1022 885 1092; x_wconf 85' lang='lat' dir='ltr'>alteri</span> <span class='ocrx_word' id='word_1_6' title='bbox 917 1021 1047 1091; x_wconf 87' lang='lat' dir='ltr'>auxilio</span> <span class='ocrx_word' id='word_1_7' title='bbox 1077 1022 1134 1089; x_wconf 83' lang='lat' dir='ltr'>sit</span> <span class='ocrx_word' id='word_1_8' title='bbox 1165 1021 1302 1086; x_wconf 63' lang='lat' dir='ltr'>&#39;arde</span> <span class='ocrx_word' id='word_1_9' title='bbox 1333 1020 1562 1088; x_wconf 86' lang='lat' dir='ltr'>Stobaeanum</span> 
     </span>
     <span class='ocr_line' id='line_1_3' title="bbox 362 1138 1562 1232; baseline -0.006 -17"><span class='ocrx_word' id='word_1_10' title='bbox 362 1148 515 1232; x_wconf 85' lang='lat' dir='ltr'>praestat</span> <span class='ocrx_word' id='word_1_11' title='bbox 536 1143 674 1213; x_wconf 88' lang='lat' dir='ltr'>lectioni</span> <span class='ocrx_word' id='word_1_12' title='bbox 691 1142 811 1229; x_wconf 87' lang='lat' dir='ltr'>papyri</span> <span class='ocrx_word' id='word_1_13' title='bbox 830 1138 959 1222; x_wconf 63' lang='lat' dir='ltr'>tradar,</span> <span class='ocrx_word' id='word_1_14' title='bbox 976 1178 1012 1191; x_wconf 94' lang='lat'>-</span> <span class='ocrx_word' id='word_1_15' title='bbox 1028 1142 1111 1211; x_wconf 90' lang='lat' dir='ltr'>adeo</span> <span class='ocrx_word' id='word_1_16' title='bbox 1129 1145 1231 1210; x_wconf 83' lang='lat' dir='ltr'>retus</span> <span class='ocrx_word' id='word_1_17' title='bbox 1242 1147 1297 1210; x_wconf 88' lang='lat' dir='ltr'>est</span> <span class='ocrx_word' id='word_1_18' title='bbox 1308 1143 1428 1210; x_wconf 89' lang='lat' dir='ltr'>harum</span> <span class='ocrx_word' id='word_1_19' title='bbox 1440 1158 1562 1209; x_wconf 89' lang='lat' dir='ltr'>vocum</span> 
     </span>
     <span class='ocr_line' id='line_1_4' title="bbox 362 1264 1562 1352; baseline -0.006 -16"><span class='ocrx_word' id='word_1_20' title='bbox 362 1267 522 1351; x_wconf 76' lang='lat' dir='ltr'>frequens</span> <span class='ocrx_word' id='word_1_21' title='bbox 551 1266 720 1352; x_wconf 77' lang='lat' dir='ltr'>motusic,</span> <span class='ocrx_word' id='word_1_22' title='bbox 751 1268 792 1334; x_wconf 89' lang='lat' dir='ltr'>ut</span> <span class='ocrx_word' id='word_1_23' title='bbox 814 1267 884 1335; x_wconf 87' lang='lat' dir='ltr'>iam</span> <span class='ocrx_word' id='word_1_24' title='bbox 906 1266 1175 1334; x_wconf 87' lang='lat' dir='ltr'>Ptolemaeomm</span> <span class='ocrx_word' id='word_1_25' title='bbox 1198 1265 1415 1348; x_wconf 72' lang='lat' dir='ltr'>temporibus,</span> <span class='ocrx_word' id='word_1_26' title='bbox 1439 1264 1562 1347; x_wconf 89' lang='lat' dir='ltr'>quibus</span> 
     </span>
     <span class='ocr_line' id='line_1_5' title="bbox 363 1386 1561 1474; baseline -0.003 -18"><span class='ocrx_word' id='word_1_27' title='bbox 363 1406 513 1474; x_wconf 82' lang='lat' dir='ltr'>papyrus</span> <span class='ocrx_word' id='word_1_28' title='bbox 535 1387 746 1465; x_wconf 75' lang='lat' dir='ltr'>adscribitur,</span> <span class='ocrx_word' id='word_1_29' title='bbox 770 1387 1014 1472; x_wconf 75' lang='lat' dir='ltr'>conspiciatur!</span> <span class='ocrx_word' id='word_1_30' title='bbox 1031 1405 1163 1455; x_wconf 91' lang='lat' dir='ltr'>-nam</span> <span class='ocrx_word' id='word_1_31' title='bbox 1183 1387 1213 1453; x_wconf 89' lang='lat' dir='ltr'>si</span> <span class='ocrx_word' id='word_1_32' title='bbox 1229 1386 1265 1452; x_wconf 94' lang='lat' dir='ltr'>in</span> <span class='ocrx_word' id='word_1_33' title='bbox 1282 1402 1402 1453; x_wconf 88' lang='lat' dir='ltr'>versus</span> <span class='ocrx_word' id='word_1_34' title='bbox 1424 1386 1561 1453; x_wconf 88' lang='lat' dir='ltr'>secundi</span> 
     </span>
     <span class='ocr_line' id='line_1_6' title="bbox 363 1506 1562 1592; baseline -0.005 -14"><span class='ocrx_word' id='word_1_35' title='bbox 363 1510 486 1578; x_wconf 88' lang='lat' dir='ltr'>lacuna</span> <span class='ocrx_word' id='word_1_36' title='bbox 507 1509 613 1577; x_wconf 89' lang='lat' dir='ltr'>etiam</span> <span class='ocrx_word' id='word_1_37' title='bbox 637 1506 697 1592; x_wconf 66' lang='lat' dir='ltr'>im</span> <span class='ocrx_word' id='word_1_38' title='bbox 714 1509 878 1576; x_wconf 87' lang='lat' dir='ltr'>baustum</span> <span class='ocrx_word' id='word_1_39' title='bbox 895 1508 1074 1591; x_wconf 79' lang='lat' dir='ltr'>sumimus,</span> <span class='ocrx_word' id='word_1_40' title='bbox 1101 1507 1188 1591; x_wconf 91' lang='lat' dir='ltr'>quod</span> <span class='ocrx_word' id='word_1_41' title='bbox 1208 1506 1358 1590; x_wconf 90' lang='lat' dir='ltr'>spatium</span> <span class='ocrx_word' id='word_1_42' title='bbox 1375 1507 1418 1573; x_wconf 90' lang='lat' dir='ltr'>ab</span> <span class='ocrx_word' id='word_1_43' title='bbox 1436 1506 1562 1573; x_wconf 91' lang='lat' dir='ltr'>editore</span> 
     </span>
     <span class='ocr_line' id='line_1_7' title="bbox 364 1626 1560 1712; baseline -0.003 -14"><span class='ocrx_word' id='word_1_44' title='bbox 364 1630 551 1699; x_wconf 90' lang='lat' dir='ltr'>indicatum</span> <span class='ocrx_word' id='word_1_45' title='bbox 573 1629 707 1709; x_wconf 88' lang='lat' dir='ltr'>suadet,</span> <span class='ocrx_word' id='word_1_46' title='bbox 727 1629 781 1697; x_wconf 86' lang='lat' dir='ltr'>bis</span> <span class='ocrx_word' id='word_1_47' title='bbox 799 1629 889 1697; x_wconf 87' lang='lat' dir='ltr'>idom</span> <span class='ocrx_word' id='word_1_48' title='bbox 907 1630 1074 1697; x_wconf 88' lang='lat' dir='ltr'>diceretur</span> <span class='ocrx_word' id='word_1_49' title='bbox 1092 1646 1133 1697; x_wconf 90' lang='lat' dir='ltr'>ac</span> <span class='ocrx_word' id='word_1_50' title='bbox 1150 1629 1377 1712; x_wconf 74' lang='lat' dir='ltr'>requireretur</span> <span class='ocrx_word' id='word_1_51' title='bbox 1396 1626 1454 1708; x_wconf 70' lang='lat' dir='ltr'>dp,</span> <span class='ocrx_word' id='word_1_52' title='bbox 1473 1629 1560 1711; x_wconf 90' lang='lat' dir='ltr'>quod</span> 
     </span>
     <span class='ocr_line' id='line_1_8' title="bbox 363 1750 1562 1836; baseline -0.001 -18"><span class='ocrx_word' id='word_1_53' title='bbox 363 1752 552 1836; x_wconf 85' lang='lat' dir='ltr'>postulavit</span> <span class='ocrx_word' id='word_1_54' title='bbox 572 1752 687 1819; x_wconf 77' lang='lat' dir='ltr'>Leuis</span> <span class='ocrx_word' id='word_1_55' title='bbox 708 1750 892 1836; x_wconf 84' lang='lat' dir='ltr'>campbell,</span> <span class='ocrx_word' id='word_1_56' title='bbox 915 1753 1054 1833; x_wconf 76' lang='lat' dir='ltr'>ignarus</span> <span class='ocrx_word' id='word_1_57' title='bbox 1076 1750 1112 1817; x_wconf 92' lang='lat' dir='ltr'>in</span> <span class='ocrx_word' id='word_1_58' title='bbox 1131 1750 1275 1818; x_wconf 88' lang='lat' dir='ltr'>Stobaeo</span> <span class='ocrx_word' id='word_1_59' title='bbox 1295 1750 1383 1816; x_wconf 89' lang='lat' dir='ltr'>idem</span> <span class='ocrx_word' id='word_1_60' title='bbox 1403 1750 1472 1817; x_wconf 87' lang='lat' dir='ltr'>iarn</span> <span class='ocrx_word' id='word_1_61' title='bbox 1491 1766 1562 1833; x_wconf 93' lang='lat' dir='ltr'>pro-</span> 
     </span>
     <span class='ocr_line' id='line_1_9' title="bbox 364 1870 1561 1959; baseline -0.008 -17"><span class='ocrx_word' id='word_1_62' title='bbox 364 1874 517 1959; x_wconf 86' lang='lat' dir='ltr'>posuisse</span> <span class='ocrx_word' id='word_1_63' title='bbox 536 1872 753 1942; x_wconf 80' lang='lat' dir='ltr'>bteiuekium.</span> <span class='ocrx_word' id='word_1_64' title='bbox 777 1872 898 1940; x_wconf 82' lang='lat' dir='ltr'>Neutn&#39;</span> <span class='ocrx_word' id='word_1_65' title='bbox 916 1872 1099 1954; x_wconf 90' lang='lat' dir='ltr'>adsentior,</span> <span class='ocrx_word' id='word_1_66' title='bbox 1120 1888 1229 1954; x_wconf 90' lang='lat' dir='ltr'>neque</span> <span class='ocrx_word' id='word_1_67' title='bbox 1246 1870 1472 1939; x_wconf 88' lang='lat' dir='ltr'>Stobaeanum</span> <span class='ocrx_word' id='word_1_68' title='bbox 1493 1870 1561 1935; x_wconf 71' lang='lat' dir='ltr'>bro·</span> 
     </span>
     <span class='ocr_line' id='line_1_10' title="bbox 363 1991 1561 2077; baseline -0.003 -16"><span class='ocrx_word' id='word_1_69' title='bbox 363 1996 490 2061; x_wconf 75' lang='lat' dir='ltr'>rarobr&#39;</span> <span class='ocrx_word' id='word_1_70' title='bbox 511 1995 596 2063; x_wconf 88' lang='lat' dir='ltr'>adeo</span> <span class='ocrx_word' id='word_1_71' title='bbox 614 1996 811 2076; x_wconf 84' lang='lat' dir='ltr'>comrptum</span> <span class='ocrx_word' id='word_1_72' title='bbox 830 1994 988 2062; x_wconf 86' lang='lat' dir='ltr'>existimo</span> <span class='ocrx_word' id='word_1_73' title='bbox 1006 1997 1108 2077; x_wconf 86' lang='lat' dir='ltr'>atque</span> <span class='ocrx_word' id='word_1_74' title='bbox 1127 1993 1235 2061; x_wconf 87' lang='lat' dir='ltr'>doctis</span> <span class='ocrx_word' id='word_1_75' title='bbox 1254 1992 1429 2059; x_wconf 90' lang='lat' dir='ltr'>Britannis</span> <span class='ocrx_word' id='word_1_76' title='bbox 1448 1991 1561 2058; x_wconf 86' lang='lat' dir='ltr'>visum</span> 
     </span>
     <span class='ocr_line' id='line_1_11' title="bbox 363 2111 1563 2200; baseline -0.003 -16"><span class='ocrx_word' id='word_1_77' title='bbox 363 2120 429 2185; x_wconf 83' lang='lat' dir='ltr'>est</span> <span class='ocrx_word' id='word_1_78' title='bbox 459 2115 667 2200; x_wconf 88' lang='lat' dir='ltr'>Praepositio</span> <span class='ocrx_word' id='word_1_79' title='bbox 697 2118 833 2183; x_wconf 86' lang='lat' dir='ltr'>tantum</span> <span class='ocrx_word' id='word_1_80' title='bbox 864 2115 975 2182; x_wconf 92' lang='lat' dir='ltr'>labem</span> <span class='ocrx_word' id='word_1_81' title='bbox 997 2114 1160 2197; x_wconf 91' lang='lat' dir='ltr'>concepit.</span> <span class='ocrx_word' id='word_1_82' title='bbox 1191 2111 1396 2179; x_wconf 70' lang='lat' dir='ltr'>&#39;Traximus</span> <span class='ocrx_word' id='word_1_83' title='bbox 1419 2130 1485 2179; x_wconf 93' lang='lat' dir='ltr'>non</span> <span class='ocrx_word' id='word_1_84' title='bbox 1508 2116 1563 2180; x_wconf 87' lang='lat' dir='ltr'>est</span> 
     </span>
     <span class='ocr_line' id='line_1_12' title="bbox 364 2234 1562 2321; baseline -0.002 -16"><span class='ocrx_word' id='word_1_85' title='bbox 364 2237 466 2305; x_wconf 90' lang='lat' dir='ltr'>huius</span> <span class='ocrx_word' id='word_1_86' title='bbox 486 2237 551 2305; x_wconf 93' lang='lat' dir='ltr'>loci</span> <span class='ocrx_word' id='word_1_87' title='bbox 573 2236 647 2321; x_wconf 79' lang='lat' dir='ltr'>(cfr.</span> <span class='ocrx_word' id='word_1_88' title='bbox 670 2253 705 2304; x_wconf 87' lang='lat' dir='ltr'>v.</span> <span class='ocrx_word' id='word_1_89' title='bbox 717 2252 747 2302; x_wconf 80' lang='lat' dir='ltr'>c</span> <span class='ocrx_word' id='word_1_90' title='bbox 770 2236 943 2319; x_wconf 85' lang='lat' dir='ltr'>Aristopb.</span> <span class='ocrx_word' id='word_1_91' title='bbox 967 2234 1051 2320; x_wconf 78' lang='lat' dir='ltr'>qu.</span> <span class='ocrx_word' id='word_1_92' title='bbox 1075 2236 1146 2321; x_wconf 83' lang='grc'><strong>47),</strong></span> <span class='ocrx_word' id='word_1_93' title='bbox 1166 2235 1225 2303; x_wconf 82' lang='grc'><strong>661</strong></span> <span class='ocrx_word' id='word_1_94' title='bbox 1246 2236 1281 2303; x_wconf 91' lang='lat' dir='ltr'>in</span> <span class='ocrx_word' id='word_1_95' title='bbox 1301 2235 1420 2318; x_wconf 83' lang='lat' dir='ltr'>papyri</span> <span class='ocrx_word' id='word_1_96' title='bbox 1437 2235 1562 2303; x_wconf 89' lang='lat' dir='ltr'>litteris</span> 
     </span>
     <span class='ocr_line' id='line_1_13' title="bbox 363 2328 1561 2441; baseline -0.003 -15"><span class='ocrx_word' id='word_1_97' title='bbox 363 2358 517 2427; x_wconf 77' lang='lat' dir='ltr'>evanidis</span> <span class='ocrx_word' id='word_1_98' title='bbox 553 2373 623 2426; x_wconf 84' lang='lat' dir='ltr'>non</span> <span class='ocrx_word' id='word_1_99' title='bbox 652 2354 762 2423; x_wconf 64' lang='lat' dir='ltr'>&#39;aaran</span> <span class='ocrx_word' id='word_1_100' title='bbox 792 2358 899 2425; x_wconf 78' lang='lat' dir='ltr'>latero</span> <span class='ocrx_word' id='word_1_101' title='bbox 928 2361 1048 2441; x_wconf 80' lang='lat' dir='ltr'>putem</span> <span class='ocrx_word' id='word_1_102' title='bbox 1078 2357 1138 2426; x_wconf 80' lang='lat' dir='ltr'>scd</span> <span class='ocrx_word' id='word_1_103' title='bbox 1170 2358 1322 2424; x_wconf 65' lang='lat' dir='ltr'>tetrardo</span> <span class='ocrx_word' id='word_1_104' title='bbox 1345 2328 1561 2440; x_wconf 68' lang='grc' dir='ltr'>(ἓΠΕΕωΝ),</span> 
     </span>
     <span class='ocr_line' id='line_1_14' title="bbox 363 2479 1560 2564; baseline -0.001 -17"><span class='ocrx_word' id='word_1_105' title='bbox 363 2481 427 2548; x_wconf 89' lang='lat' dir='ltr'>hoc</span> <span class='ocrx_word' id='word_1_106' title='bbox 452 2480 590 2564; x_wconf 91' lang='lat' dir='ltr'>quidem</span> <span class='ocrx_word' id='word_1_107' title='bbox 611 2479 697 2549; x_wconf 88' lang='lat' dir='ltr'>item</span> <span class='ocrx_word' id='word_1_108' title='bbox 718 2481 884 2562; x_wconf 74' lang='lat' dir='ltr'>corrupte,</span> <span class='ocrx_word' id='word_1_109' title='bbox 907 2479 966 2546; x_wconf 88' lang='lat' dir='ltr'>sed</span> <span class='ocrx_word' id='word_1_110' title='bbox 991 2515 1032 2527; x_wconf 96' lang='lat'><em>-</em></span> <span class='ocrx_word' id='word_1_111' title='bbox 1058 2483 1099 2546; x_wconf 88' lang='lat' dir='ltr'>ut</span> <span class='ocrx_word' id='word_1_112' title='bbox 1120 2480 1271 2548; x_wconf 88' lang='lat' dir='ltr'>dicebam</span> <span class='ocrx_word' id='word_1_113' title='bbox 1295 2517 1337 2530; x_wconf 96' lang='lat'>-</span> <span class='ocrx_word' id='word_1_114' title='bbox 1362 2479 1503 2548; x_wconf 84' lang='lat' dir='ltr'>Stobeeo</span> <span class='ocrx_word' id='word_1_115' title='bbox 1526 2480 1560 2547; x_wconf 92' lang='lat' dir='ltr'>in</span> 
     </span>
     <span class='ocr_line' id='line_1_15' title="bbox 362 2600 1559 2687; baseline -0.002 -18"><span class='ocrx_word' id='word_1_116' title='bbox 362 2600 530 2669; x_wconf 82' lang='lat' dir='ltr'>auxilinm</span> <span class='ocrx_word' id='word_1_117' title='bbox 551 2600 725 2683; x_wconf 67' lang='lat' dir='ltr'>advocmo,</span> <span class='ocrx_word' id='word_1_118' title='bbox 748 2600 799 2668; x_wconf 90' lang='lat' dir='ltr'>ita</span> <span class='ocrx_word' id='word_1_119' title='bbox 821 2603 862 2667; x_wconf 89' lang='lat' dir='ltr'>nt</span> <span class='ocrx_word' id='word_1_120' title='bbox 880 2616 924 2666; x_wconf 86' lang='lat' dir='ltr'>ex</span> <span class='ocrx_word' id='word_1_121' title='bbox 943 2616 983 2668; x_wconf 92' lang='lat' dir='ltr'>eo</span> <span class='ocrx_word' id='word_1_122' title='bbox 1001 2601 1076 2668; x_wconf 89' lang='lat' dir='ltr'>calx</span> <span class='ocrx_word' id='word_1_123' title='bbox 1095 2605 1244 2685; x_wconf 87' lang='lat' dir='ltr'>sanetur,</span> <span class='ocrx_word' id='word_1_124' title='bbox 1265 2620 1284 2669; x_wconf 95' lang='grc'><strong>6</strong></span> <span class='ocrx_word' id='word_1_125' title='bbox 1303 2620 1429 2687; x_wconf 82' lang='lat' dir='ltr'>papyro</span> <span class='ocrx_word' id='word_1_126' title='bbox 1447 2604 1559 2686; x_wconf 88' lang='lat' dir='ltr'>caput,</span> 
     </span>
     <span class='ocr_line' id='line_1_16' title="bbox 362 2719 1562 2803; baseline -0.002 -13"><span class='ocrx_word' id='word_1_127' title='bbox 362 2722 493 2790; x_wconf 84' lang='lat' dir='ltr'>emicat</span> <span class='ocrx_word' id='word_1_128' title='bbox 511 2719 702 2799; x_wconf 70' lang='lat' dir='ltr'>iaeuaerrrbo’,</span> <span class='ocrx_word' id='word_1_129' title='bbox 722 2736 789 2803; x_wconf 90' lang='lat' dir='ltr'>qno</span> <span class='ocrx_word' id='word_1_130' title='bbox 807 2737 874 2787; x_wconf 92' lang='lat' dir='ltr'>uon</span> <span class='ocrx_word' id='word_1_131' title='bbox 892 2721 1045 2788; x_wconf 89' lang='lat' dir='ltr'>estaliud</span> <span class='ocrx_word' id='word_1_132' title='bbox 1058 2722 1257 2790; x_wconf 87' lang='lat' dir='ltr'>vocabulum</span> <span class='ocrx_word' id='word_1_133' title='bbox 1269 2725 1305 2789; x_wconf 91' lang='lat' dir='ltr'>in</span> <span class='ocrx_word' id='word_1_134' title='bbox 1317 2724 1380 2790; x_wconf 87' lang='lat' dir='ltr'>hac</span> <span class='ocrx_word' id='word_1_135' title='bbox 1391 2721 1562 2790; x_wconf 90' lang='lat' dir='ltr'>sententia</span> 
     </span>
     <span class='ocr_line' id='line_1_17' title="bbox 362 2839 1559 2928; baseline -0.002 -18"><span class='ocrx_word' id='word_1_136' title='bbox 362 2843 487 2927; x_wconf 88' lang='lat' dir='ltr'>aptius.</span> <span class='ocrx_word' id='word_1_137' title='bbox 499 2842 661 2925; x_wconf 91' lang='lat' dir='ltr'>Proponit</span> <span class='ocrx_word' id='word_1_138' title='bbox 671 2841 763 2908; x_wconf 91' lang='lat' dir='ltr'>enim</span> <span class='ocrx_word' id='word_1_139' title='bbox 774 2839 913 2919; x_wconf 82' lang='lat' dir='ltr'>Chorus,</span> <span class='ocrx_word' id='word_1_140' title='bbox 922 2848 1095 2926; x_wconf 88' lang='lat' dir='ltr'>perspecto</span> <span class='ocrx_word' id='word_1_141' title='bbox 1106 2843 1220 2911; x_wconf 90' lang='lat' dir='ltr'>Dirces</span> <span class='ocrx_word' id='word_1_142' title='bbox 1230 2843 1377 2928; x_wconf 88' lang='lat' dir='ltr'>Lycique</span> <span class='ocrx_word' id='word_1_143' title='bbox 1390 2842 1559 2926; x_wconf 86' lang='lat' dir='ltr'>supplicio,</span> 
     </span>
     <span class='ocr_line' id='line_1_18' title="bbox 362 2963 1561 3049; baseline 0.001 -20"><span class='ocrx_word' id='word_1_144' title='bbox 362 2963 491 3044; x_wconf 66' lang='grc' dir='ltr'>γνώμην</span> <span class='ocrx_word' id='word_1_145' title='bbox 519 2964 609 3047; x_wconf 90' lang='lat' dir='ltr'>apud</span> <span class='ocrx_word' id='word_1_146' title='bbox 632 2965 767 3031; x_wconf 88' lang='lat' dir='ltr'>veteres</span> <span class='ocrx_word' id='word_1_147' title='bbox 789 2965 863 3031; x_wconf 87' lang='lat' dir='ltr'>tam</span> <span class='ocrx_word' id='word_1_148' title='bbox 885 2964 1057 3033; x_wconf 54' lang='lat' dir='ltr'>&amp;manos</span> <span class='ocrx_word' id='word_1_149' title='bbox 1079 2984 1182 3049; x_wconf 88' lang='lat' dir='ltr'>quam</span> <span class='ocrx_word' id='word_1_150' title='bbox 1207 2967 1351 3034; x_wconf 81' lang='lat' dir='ltr'>Graecos</span> <span class='ocrx_word' id='word_1_151' title='bbox 1374 2965 1561 3033; x_wconf 86' lang='lat' dir='ltr'>celebratis·</span> 
     </span>
     <span class='ocr_line' id='line_1_19' title="bbox 362 3084 1559 3170; baseline -0.001 -17"><span class='ocrx_word' id='word_1_152' title='bbox 362 3086 488 3154; x_wconf 69' lang='lat' dir='ltr'>dmum</span> <span class='ocrx_word' id='word_1_153' title='bbox 505 3086 548 3153; x_wconf 90' lang='lat' dir='ltr'>de</span> <span class='ocrx_word' id='word_1_154' title='bbox 567 3101 644 3152; x_wconf 91' lang='lat' dir='ltr'>sera</span> <span class='ocrx_word' id='word_1_155' title='bbox 661 3084 812 3151; x_wconf 90' lang='lat' dir='ltr'>numinis</span> <span class='ocrx_word' id='word_1_156' title='bbox 830 3084 990 3153; x_wconf 80' lang='lat' dir='ltr'>vindicta</span> <span class='ocrx_word' id='word_1_157' title='bbox 1011 3085 1071 3153; x_wconf 89' lang='lat' dir='ltr'>Dis</span> <span class='ocrx_word' id='word_1_158' title='bbox 1089 3104 1214 3170; x_wconf 88' lang='lat' dir='ltr'>poenas</span> <span class='ocrx_word' id='word_1_159' title='bbox 1231 3088 1395 3155; x_wconf 90' lang='lat' dir='ltr'>dederunt</span> <span class='ocrx_word' id='word_1_160' title='bbox 1407 3087 1559 3170; x_wconf 83' lang='lat' dir='ltr'>improbi,</span> 
     </span>
     <span class='ocr_line' id='line_1_20' title="bbox 366 3205 1562 3291; baseline 0.002 -18"><span class='ocrx_word' id='word_1_161' title='bbox 366 3207 548 3290; x_wconf 71' lang='lat' dir='ltr'>excbmat,</span> <span class='ocrx_word' id='word_1_162' title='bbox 572 3205 632 3273; x_wconf 90' lang='lat' dir='ltr'>sed</span> <span class='ocrx_word' id='word_1_163' title='bbox 654 3207 695 3273; x_wconf 89' lang='lat' dir='ltr'>nt</span> <span class='ocrx_word' id='word_1_164' title='bbox 716 3205 860 3273; x_wconf 77' lang='lat' dir='ltr'>rustitio</span> <span class='ocrx_word' id='word_1_165' title='bbox 881 3205 977 3274; x_wconf 89' lang='lat' dir='ltr'>solet.</span> <span class='ocrx_word' id='word_1_166' title='bbox 999 3207 1136 3274; x_wconf 79' lang='lat' dir='ltr'>Etenim</span> <span class='ocrx_word' id='word_1_167' title='bbox 1165 3244 1197 3255; x_wconf 95' lang='lat'><em>-</em></span> <span class='ocrx_word' id='word_1_168' title='bbox 1223 3211 1264 3276; x_wconf 90' lang='lat' dir='ltr'>ut</span> <span class='ocrx_word' id='word_1_169' title='bbox 1282 3207 1369 3291; x_wconf 91' lang='lat' dir='ltr'>apud</span> <span class='ocrx_word' id='word_1_170' title='bbox 1389 3207 1562 3275; x_wconf 88' lang='lat' dir='ltr'>Valerium</span> 
     </span>
     <span class='ocr_line' id='line_1_21' title="bbox 364 3324 1561 3410; baseline -0.001 -14"><span class='ocrx_word' id='word_1_171' title='bbox 364 3327 554 3396; x_wconf 77' lang='lat' dir='ltr'>Maximum</span> <span class='ocrx_word' id='word_1_172' title='bbox 571 3328 626 3395; x_wconf 87' lang='lat' dir='ltr'>est</span> <span class='ocrx_word' id='word_1_173' title='bbox 648 3326 688 3409; x_wconf 83' lang='lat'>(1,</span> <span class='ocrx_word' id='word_1_174' title='bbox 713 3324 732 3391; x_wconf 94' lang='lat'>1</span> <span class='ocrx_word' id='word_1_175' title='bbox 755 3326 833 3394; x_wconf 75' lang='lat' dir='ltr'>Est.</span> <span class='ocrx_word' id='word_1_176' title='bbox 857 3327 879 3393; x_wconf 79' lang='lat'><strong>3</strong></span> <span class='ocrx_word' id='word_1_177' title='bbox 902 3327 924 3394; x_wconf 90' lang='lat' dir='ltr'>i.</span> <span class='ocrx_word' id='word_1_178' title='bbox 936 3327 974 3410; x_wconf 80' lang='grc'><strong>1.)</strong></span> <span class='ocrx_word' id='word_1_179' title='bbox 991 3365 1026 3377; x_wconf 98' lang='grc'>-</span> <span class='ocrx_word' id='word_1_180' title='bbox 1045 3328 1157 3407; x_wconf 90' lang='lat' dir='ltr'>,lento</span> <span class='ocrx_word' id='word_1_181' title='bbox 1180 3329 1285 3410; x_wconf 83' lang='lat' dir='ltr'>gradu</span> <span class='ocrx_word' id='word_1_182' title='bbox 1307 3330 1350 3396; x_wconf 87' lang='lat' dir='ltr'>ad</span> <span class='ocrx_word' id='word_1_183' title='bbox 1374 3329 1561 3396; x_wconf 86' lang='lat' dir='ltr'>vindictam</span> 
     </span>
     <span class='ocr_line' id='line_1_22' title="bbox 363 3446 1561 3533; baseline -0.001 -16"><span class='ocrx_word' id='word_1_184' title='bbox 363 3449 419 3517; x_wconf 89' lang='lat' dir='ltr'>sui</span> <span class='ocrx_word' id='word_1_185' title='bbox 440 3448 558 3516; x_wconf 81' lang='lat' dir='ltr'>diviua</span> <span class='ocrx_word' id='word_1_186' title='bbox 579 3446 728 3531; x_wconf 80' lang='lat' dir='ltr'>procedit</span> <span class='ocrx_word' id='word_1_187' title='bbox 750 3446 811 3529; x_wconf 86' lang='lat' dir='ltr'>ira,</span> <span class='ocrx_word' id='word_1_188' title='bbox 835 3448 1098 3532; x_wconf 79' lang='lat' dir='ltr'>tarditatemque</span> <span class='ocrx_word' id='word_1_189' title='bbox 1121 3449 1273 3532; x_wconf 91' lang='lat' dir='ltr'>supplicii</span> <span class='ocrx_word' id='word_1_190' title='bbox 1296 3450 1465 3532; x_wconf 84' lang='lat' dir='ltr'>gravitate</span> <span class='ocrx_word' id='word_1_191' title='bbox 1483 3467 1561 3533; x_wconf 91' lang='lat' dir='ltr'>peu·</span> 
     </span>
     <span class='ocr_line' id='line_1_23' title="bbox 364 3568 1561 3654; baseline 0 -16"><span class='ocrx_word' id='word_1_192' title='bbox 364 3568 455 3638; x_wconf 87' lang='lat' dir='ltr'>sat”.</span> <span class='ocrx_word' id='word_1_193' title='bbox 478 3568 570 3636; x_wconf 83' lang='lat' dir='ltr'>Nihil</span> <span class='ocrx_word' id='word_1_194' title='bbox 588 3584 674 3651; x_wconf 93' lang='lat' dir='ltr'>opus</span> <span class='ocrx_word' id='word_1_195' title='bbox 692 3569 747 3635; x_wconf 87' lang='lat' dir='ltr'>est</span> <span class='ocrx_word' id='word_1_196' title='bbox 766 3586 821 3636; x_wconf 90' lang='lat' dir='ltr'>ms</span> <span class='ocrx_word' id='word_1_197' title='bbox 840 3572 918 3651; x_wconf 91' lang='lat' dir='ltr'>post</span> <span class='ocrx_word' id='word_1_198' title='bbox 935 3568 1018 3637; x_wconf 91' lang='lat' dir='ltr'>alios</span> <span class='ocrx_word' id='word_1_199' title='bbox 1037 3570 1229 3637; x_wconf 87' lang='lat' dir='ltr'>sententiae</span> <span class='ocrx_word' id='word_1_200' title='bbox 1247 3569 1561 3654; x_wconf 83' lang='lat' dir='ltr'>pervulgatissimae</span> 
     </span>
     <span class='ocr_line' id='line_1_24' title="bbox 363 3687 1560 3772; baseline 0.002 -14"><span class='ocrx_word' id='word_1_201' title='bbox 363 3689 499 3771; x_wconf 74' lang='lat' dir='ltr'>singula</span> <span class='ocrx_word' id='word_1_202' title='bbox 519 3687 675 3770; x_wconf 87' lang='lat' dir='ltr'>exempla</span> <span class='ocrx_word' id='word_1_203' title='bbox 696 3689 914 3772; x_wconf 63' lang='lat' dir='ltr'>perscribam</span> <span class='ocrx_word' id='word_1_204' title='bbox 934 3691 1016 3758; x_wconf 88' lang='lat' dir='ltr'>haec</span> <span class='ocrx_word' id='word_1_205' title='bbox 1035 3691 1101 3758; x_wconf 91' lang='lat' dir='ltr'>duo</span> <span class='ocrx_word' id='word_1_206' title='bbox 1120 3694 1258 3759; x_wconf 86' lang='lat' dir='ltr'>notasse</span> <span class='ocrx_word' id='word_1_207' title='bbox 1277 3693 1431 3760; x_wconf 86' lang='lat' dir='ltr'>sufficiet.</span> <span class='ocrx_word' id='word_1_208' title='bbox 1450 3693 1560 3760; x_wconf 82' lang='lat' dir='ltr'>Enun-</span> 
     </span>
     <span class='ocr_line' id='line_1_25' title="bbox 364 3808 1562 3898; baseline 0.003 -19"><span class='ocrx_word' id='word_1_209' title='bbox 364 3810 442 3879; x_wconf 87' lang='lat' dir='ltr'>tiati</span> <span class='ocrx_word' id='word_1_210' title='bbox 461 3811 498 3877; x_wconf 91' lang='lat' dir='ltr'>in</span> <span class='ocrx_word' id='word_1_211' title='bbox 517 3808 684 3894; x_wconf 86' lang='lat' dir='ltr'>proverbii</span> <span class='ocrx_word' id='word_1_212' title='bbox 701 3810 847 3877; x_wconf 84' lang='lat' dir='ltr'>formam</span> <span class='ocrx_word' id='word_1_213' title='bbox 858 3810 979 3879; x_wconf 91' lang='lat' dir='ltr'>inclusi</span> <span class='ocrx_word' id='word_1_214' title='bbox 990 3812 1160 3895; x_wconf 79' lang='lat' dir='ltr'>antiquior</span> <span class='ocrx_word' id='word_1_215' title='bbox 1171 3814 1329 3894; x_wconf 81' lang='lat' dir='ltr'>recensio,</span> <span class='ocrx_word' id='word_1_216' title='bbox 1348 3851 1380 3862; x_wconf 97' lang='lat'><em>-</em></span> <span class='ocrx_word' id='word_1_217' title='bbox 1399 3817 1562 3898; x_wconf 91' lang='lat' dir='ltr'>posterior</span> 
     </span>
     <span class='ocr_line' id='line_1_26' title="bbox 365 3930 1560 4019; baseline 0.003 -18"><span class='ocrx_word' id='word_1_218' title='bbox 365 3932 530 4017; x_wconf 78' lang='lat' dir='ltr'>(comm.</span> <span class='ocrx_word' id='word_1_219' title='bbox 560 3930 676 4019; x_wconf 75' lang='lat' dir='ltr'>Sibyll.</span> <span class='ocrx_word' id='word_1_220' title='bbox 700 3930 791 4014; x_wconf 81' lang='lat' dir='ltr'>vm,</span> <span class='ocrx_word' id='word_1_221' title='bbox 818 3932 874 4012; x_wconf 82' lang='lat'>14)</span> <span class='ocrx_word' id='word_1_222' title='bbox 896 3933 1125 4001; x_wconf 85' lang='lat' dir='ltr'>semibarbara</span> <span class='ocrx_word' id='word_1_223' title='bbox 1147 3939 1203 4002; x_wconf 89' lang='lat' dir='ltr'>est</span> <span class='ocrx_word' id='word_1_224' title='bbox 1232 3972 1263 3983; x_wconf 96' lang='lat'><em>-</em></span> <span class='ocrx_word' id='word_1_225' title='bbox 1293 3936 1416 4018; x_wconf 82' lang='lat' dir='ltr'>legitur</span> <span class='ocrx_word' id='word_1_226' title='bbox 1438 3938 1560 4006; x_wconf 87' lang='lat' dir='ltr'>Provv.</span> 
     </span>
     <span class='ocr_line' id='line_1_27' title="bbox 366 4050 1562 4143; baseline 0.004 -21"><span class='ocrx_word' id='word_1_227' title='bbox 366 4053 503 4122; x_wconf 72' lang='lat' dir='ltr'>cobbo.</span> <span class='ocrx_word' id='word_1_228' title='bbox 528 4052 614 4120; x_wconf 82' lang='lat'>396:</span> <span class='ocrx_word' id='word_1_229' title='bbox 637 4051 694 4132; x_wconf 68' lang='lat' dir='ltr'>tbi</span> <span class='ocrx_word' id='word_1_230' title='bbox 720 4051 792 4118; x_wconf 71' lang='grc' dir='ltr'>θεῶν</span> <span class='ocrx_word' id='word_1_231' title='bbox 814 4050 939 4119; x_wconf 61' lang='lat' dir='ltr'>dedecor</span> <span class='ocrx_word' id='word_1_232' title='bbox 962 4054 1068 4133; x_wconf 77' lang='grc' dir='ltr'><strong><em>μύλοι,</em></strong></span> <span class='ocrx_word' id='word_1_233' title='bbox 1093 4054 1218 4122; x_wconf 67' lang='lat' dir='ltr'>dsiccar</span> <span class='ocrx_word' id='word_1_234' title='bbox 1242 4056 1274 4122; x_wconf 81' lang='lat' dir='ltr'>tr</span> <span class='ocrx_word' id='word_1_235' title='bbox 1297 4060 1414 4139; x_wconf 69' lang='lat' dir='ltr'>terrai,</span> <span class='ocrx_word' id='word_1_236' title='bbox 1434 4064 1470 4126; x_wconf 84' lang='lat' dir='ltr'>et</span> <span class='ocrx_word' id='word_1_237' title='bbox 1488 4061 1562 4143; x_wconf 81' lang='lat' dir='ltr'>ipsa</span> 
     </span>
     <span class='ocr_line' id='line_1_28' title="bbox 364 4173 1560 4259; baseline 0.005 -16"><span class='ocrx_word' id='word_1_238' title='bbox 364 4179 484 4243; x_wconf 88' lang='lat' dir='ltr'>tamen</span> <span class='ocrx_word' id='word_1_239' title='bbox 513 4173 602 4243; x_wconf 81' lang='grc'><strong>66116</strong></span> <span class='ocrx_word' id='word_1_240' title='bbox 629 4190 758 4259; x_wconf 90' lang='lat' dir='ltr'>recens,</span> <span class='ocrx_word' id='word_1_241' title='bbox 789 4175 879 4257; x_wconf 92' lang='lat' dir='ltr'>quod</span> <span class='ocrx_word' id='word_1_242' title='bbox 906 4176 1099 4259; x_wconf 78' lang='lat' dir='ltr'>aequiorum</span> <span class='ocrx_word' id='word_1_243' title='bbox 1123 4176 1217 4255; x_wconf 70' lang='grc' dir='ltr'><strong><em>μύλοι</em></strong></span> <span class='ocrx_word' id='word_1_244' title='bbox 1240 4180 1372 4248; x_wconf 92' lang='lat' dir='ltr'>abunde</span> <span class='ocrx_word' id='word_1_245' title='bbox 1394 4182 1560 4259; x_wconf 88' lang='lat' dir='ltr'>ostendit;</span> 
     </span>
     <span class='ocr_line' id='line_1_29' title="bbox 365 4295 1561 4387; baseline 0.004 -22"><span class='ocrx_word' id='word_1_246' title='bbox 365 4299 429 4367; x_wconf 89' lang='lat' dir='ltr'>hoc</span> <span class='ocrx_word' id='word_1_247' title='bbox 457 4312 589 4381; x_wconf 90' lang='lat' dir='ltr'>quoque</span> <span class='ocrx_word' id='word_1_248' title='bbox 618 4312 697 4363; x_wconf 90' lang='lat' dir='ltr'>cum</span> <span class='ocrx_word' id='word_1_249' title='bbox 726 4295 845 4364; x_wconf 90' lang='lat' dir='ltr'>multis</span> <span class='ocrx_word' id='word_1_250' title='bbox 874 4297 950 4366; x_wconf 82' lang='lat' dir='ltr'>aiiis</span> <span class='ocrx_word' id='word_1_251' title='bbox 979 4300 1143 4384; x_wconf 86' lang='lat' dir='ltr'>exemplis</span> <span class='ocrx_word' id='word_1_252' title='bbox 1173 4301 1355 4369; x_wconf 87' lang='lat' dir='ltr'>ostendens</span> <span class='ocrx_word' id='word_1_253' title='bbox 1382 4303 1561 4387; x_wconf 81' lang='lat' dir='ltr'>proverbio</span> 
     </span>
    </p>
   </div>
   <div class='ocr_carea' id='block_1_3' title="bbox 364 4416 1562 4871">
    <p class='ocr_par' dir='ltr' id='par_1_3' title="bbox 364 4416 1562 4871">
     <span class='ocr_line' id='line_1_30' title="bbox 364 4416 1562 4507; baseline 0.003 -21"><span class='ocrx_word' id='word_1_254' title='bbox 364 4435 464 4486; x_wconf 82' lang='lat' dir='ltr'>vere</span> <span class='ocrx_word' id='word_1_255' title='bbox 479 4416 721 4503; x_wconf 76' lang='lat' dir='ltr'>popularia</span> <span class='ocrx_word' id='word_1_256' title='bbox 745 4418 840 4501; x_wconf 79' lang='lat' dir='ltr'>cprcd</span> <span class='ocrx_word' id='word_1_257' title='bbox 862 4422 984 4487; x_wconf 82' lang='lat' dir='ltr'>veteres</span> <span class='ocrx_word' id='word_1_258' title='bbox 1010 4420 1153 4488; x_wconf 78' lang='lat' dir='ltr'>Graecos</span> <span class='ocrx_word' id='word_1_259' title='bbox 1175 4422 1268 4505; x_wconf 71' lang='lat' dir='ltr'>lotoe</span> <span class='ocrx_word' id='word_1_260' title='bbox 1290 4425 1427 4490; x_wconf 81' lang='lat' dir='ltr'>rariora</span> <span class='ocrx_word' id='word_1_261' title='bbox 1453 4424 1562 4507; x_wconf 76' lang='lat' dir='ltr'>fcisse</span> 
     </span>
     <span class='ocr_line' id='line_1_31' title="bbox 364 4538 1561 4622; baseline 0 -14"><span class='ocrx_word' id='word_1_262' title='bbox 364 4540 476 4608; x_wconf 79' lang='lat' dir='ltr'>videri</span> <span class='ocrx_word' id='word_1_263' title='bbox 497 4555 600 4622; x_wconf 86' lang='lat' dir='ltr'>quam</span> <span class='ocrx_word' id='word_1_264' title='bbox 623 4555 699 4605; x_wconf 73' lang='lat' dir='ltr'>ac.</span> <span class='ocrx_word' id='word_1_265' title='bbox 722 4538 811 4621; x_wconf 90' lang='lat' dir='ltr'>apud</span> <span class='ocrx_word' id='word_1_266' title='bbox 834 4543 969 4609; x_wconf 89' lang='lat' dir='ltr'>nostros</span> <span class='ocrx_word' id='word_1_267' title='bbox 992 4541 1146 4610; x_wconf 91' lang='lat' dir='ltr'>homines</span> <span class='ocrx_word' id='word_1_268' title='bbox 1165 4547 1259 4610; x_wconf 89' lang='lat' dir='ltr'>sunt.</span> <span class='ocrx_word' id='word_1_269' title='bbox 1279 4543 1343 4612; x_wconf 84' lang='lat' dir='ltr'>Sed</span> <span class='ocrx_word' id='word_1_270' title='bbox 1363 4545 1425 4612; x_wconf 92' lang='lat' dir='ltr'>hoc</span> <span class='ocrx_word' id='word_1_271' title='bbox 1444 4544 1561 4611; x_wconf 85' lang='lat' dir='ltr'>obiter.</span> 
     </span>
     <span class='ocr_line' id='line_1_32' title="bbox 364 4658 1560 4748; baseline 0.001 -19"><span class='ocrx_word' id='word_1_272' title='bbox 364 4661 475 4743; x_wconf 80' lang='lat' dir='ltr'>Magis</span> <span class='ocrx_word' id='word_1_273' title='bbox 504 4659 547 4727; x_wconf 88' lang='lat' dir='ltr'>ad</span> <span class='ocrx_word' id='word_1_274' title='bbox 577 4675 650 4725; x_wconf 90' lang='lat' dir='ltr'>rem</span> <span class='ocrx_word' id='word_1_275' title='bbox 681 4658 761 4727; x_wconf 86' lang='lat' dir='ltr'>illud</span> <span class='ocrx_word' id='word_1_276' title='bbox 785 4664 851 4738; x_wconf 84' lang='lat' dir='ltr'>est,</span> <span class='ocrx_word' id='word_1_277' title='bbox 873 4662 1064 4746; x_wconf 83' lang='lat' dir='ltr'>Euripidem</span> <span class='ocrx_word' id='word_1_278' title='bbox 1087 4664 1229 4731; x_wconf 87' lang='lat' dir='ltr'>eandem</span> <span class='ocrx_word' id='word_1_279' title='bbox 1252 4664 1320 4732; x_wconf 81' lang='lat' dir='ltr'>iere</span> <span class='ocrx_word' id='word_1_280' title='bbox 1343 4666 1560 4748; x_wconf 87' lang='lat' dir='ltr'>sententiam,</span> 
     </span>
     <span class='ocr_line' id='line_1_33' title="bbox 364 4781 1562 4871; baseline 0.002 -20"><span class='ocrx_word' id='word_1_281' title='bbox 364 4800 453 4866; x_wconf 90' lang='lat' dir='ltr'>quae</span> <span class='ocrx_word' id='word_1_282' title='bbox 475 4785 590 4850; x_wconf 89' lang='lat' dir='ltr'>nostro</span> <span class='ocrx_word' id='word_1_283' title='bbox 613 4781 746 4849; x_wconf 87' lang='lat' dir='ltr'>cantico</span> <span class='ocrx_word' id='word_1_284' title='bbox 768 4783 870 4863; x_wconf 89' lang='lat' dir='ltr'>inest,</span> <span class='ocrx_word' id='word_1_285' title='bbox 893 4784 998 4853; x_wconf 89' lang='lat' dir='ltr'>etiam</span> <span class='ocrx_word' id='word_1_286' title='bbox 1021 4787 1230 4869; x_wconf 83' lang='lat' dir='ltr'>expressisse</span> <span class='ocrx_word' id='word_1_287' title='bbox 1249 4787 1284 4854; x_wconf 93' lang='lat' dir='ltr'>in</span> <span class='ocrx_word' id='word_1_288' title='bbox 1303 4786 1460 4855; x_wconf 75' lang='lat' dir='ltr'>Archelai</span> <span class='ocrx_word' id='word_1_289' title='bbox 1478 4788 1562 4871; x_wconf 81' lang='lat' dir='ltr'>frag·</span> 
     </span>
    </p>
   </div>
   <div class='ocr_carea' id='block_1_4' title="bbox 0 0 1930 6006">
    <p class='ocr_par' dir='ltr' id='par_1_4' title="bbox 0 0 1930 6006">
     <span class='ocr_line' id='line_1_34' title="bbox 0 0 1930 6006; baseline 0 0"><span class='ocrx_word' id='word_1_290' title='bbox 0 0 1930 6006; x_wconf 95' lang='lat' dir='ltr'> </span> 
     </span>
    </p>
   </div>
  </div>
 </body>
</html>
