3848 6006
938 835 979 900 14

363 1020 523 1087 traditam
536 1017 560 1099 ¹)
582 1019 751 1100 integram
773 1037 858 1097 esse,
879 1036 918 1085 eo
939 1020 1047 1099 magis
1066 1019 1212 1101 pretium
1232 1018 1372 1085 alterius
1389 1017 1559 1105 lectionis,

362 1158 447 1224 quae
476 1142 518 1208 ob
545 1140 876 1207 verisimilitudinem
900 1140 1086 1223 smciosam
1108 1140 1293 1208 multorum
1316 1141 1428 1208 oculos
1451 1140 1559 1209 nimis

362 1263 419 1330 diu
443 1264 721 1346 praestringebat,
745 1263 888 1328 diminui
912 1279 1048 1329 necesse
1070 1266 1134 1328 est.
1159 1262 1252 1344 Quod
1277 1264 1432 1329 veterum
1454 1280 1558 1331 aures

362 1391 424 1453 aut
449 1386 561 1453 oculos
575 1390 637 1452 aut
656 1385 788 1451 animos
806 1384 967 1468 laedebat,
988 1384 1021 1450 id
1042 1385 1197 1452 homines
1216 1384 1411 1451 recentioris
1428 1385 1557 1452 aetatis

362 1507 532 1574 interdum
563 1506 715 1574 laedebat
738 1506 888 1572 minime.
913 1506 975 1588 Qui
999 1505 1144 1588 saepius,
1168 1523 1255 1587 quae
1277 1509 1368 1572 recte
1390 1509 1426 1572 et
1448 1505 1557 1573 latine

361 1630 451 1696 dicta
472 1632 580 1710 erant,
605 1628 729 1694 vitiosa
751 1645 827 1694 esse
849 1627 1026 1708 putabant,
1049 1643 1135 1708 quae
1158 1627 1201 1693 ob
1220 1627 1333 1694 varias
1352 1644 1472 1694 causas
1483 1629 1558 1695 bar·

362 1752 520 1818 barorum
550 1750 717 1817 sermonis
747 1749 894 1829 vestigia
923 1766 1003 1831 prae
1026 1766 1064 1815 se
1086 1749 1249 1827 ferebant,
1273 1749 1443 1830 eleganter
1465 1749 1558 1817 dicta

362 1890 438 1939 esse
471 1871 731 1939 arbitrabantur.
766 1870 870 1937 Cuius
905 1870 953 1936 rei
987 1871 1198 1937 coniecturae
1228 1869 1489 1937 innumerabiles
1519 1875 1557 1938 et

363 1993 581 2059 Antibarbari
612 1992 777 2059 editiones
810 1996 943 2073 septem
976 1991 1158 2058 certissimi
1192 1995 1276 2058 sunt
1305 1991 1557 2075 fidelissimique

362 2118 479 2182 testes.
500 2111 553 2180 Sic
571 2114 667 2180 hodic
678 2131 807 2196 quoque
819 2118 1012 2181 exterarum
1024 2113 1177 2195 gentium
1190 2113 1315 2195 linguis
1326 2113 1384 2196 qui
1395 2116 1555 2197 utuntur,

361 2254 463 2321 quam
486 2254 585 2320 saepe
608 2237 717 2319 specie
740 2236 919 2303 fallunturl

408 2359 477 2426 Nos
499 2359 633 2442 quidem
656 2357 766 2425 locum
789 2358 883 2425 illurn
906 2359 1040 2426 Horatii
1058 2376 1160 2441 quam
1179 2359 1436 2440 diligentissime
1454 2359 1557 2426 inber-

362 2482 485 2566 prelati
519 2481 556 2547 in
590 2482 679 2547 hunc
714 2480 851 2546 modum
878 2481 1080 2548 vertendum
1103 2498 1178 2547 esse
1202 2481 1341 2549 tandem
1364 2481 1461 2549 nobis
1482 2499 1557 2564 per-

361 2604 532 2670 suasimus
561 2602 832 2680 (llorazstudien,
855 2621 888 2685 p.
910 2602 976 2681 til:
1001 2604 1091 2669 ‘aber
1109 2603 1223 2670 sobald
1242 2603 1294 2670 die
1314 2604 1424 2670 heisse
1442 2602 1558 2672 Sonne

361 2726 459 2810 mich,
494 2742 593 2792 wenn
621 2724 676 2791 ich
707 2724 808 2790 mode
839 2725 894 2790 bin
924 2724 1004 2807 (von
1028 2723 1219 2805 geistlicher
1241 2725 1310 2790 und
1333 2725 1557 2809 kbrperlicher

362 2847 629 2932 Anstrengung)‚
654 2846 776 2912 mahnt
794 2845 849 2912 ein
869 2845 940 2911 Bad
958 2864 1001 2912 zu
1014 2846 1158 2912 nehmen
1171 2846 1255 2930 (und
1266 2863 1305 2912 es
1316 2846 1387 2914 also
1398 2847 1556 2915 meridies

361 2970 419 3046 ist,
446 2969 534 3036 denn
561 2968 621 3035 das
645 2969 824 3050 prandium
847 2968 971 3050 folgte),
998 2969 1102 3035 suche
1124 2968 1178 3035 ich
1201 2969 1259 3035 der
1283 2969 1358 3036 Zeit
1371 2966 1398 3049 ¹)
1421 2971 1480 3036 des
1502 2988 1555 3037 ra-

360 3089 793 3172 sendeanwen‚oderdes
805 3089 1168 3174 tollenHundes(d.h.
1181 3090 1554 3176 denjenigenSlunden,

362 3229 416 3279 wo
443 3229 522 3279 man
545 3229 603 3279 am
625 3211 744 3279 beslen
768 3211 867 3293 iuhlt,
892 3213 972 3278 dass
993 3212 1046 3278 die
1070 3212 1182 3279 Sonne
1204 3212 1240 3277 in
1263 3212 1328 3279 den
1352 3213 1478 3280 Lowen
1501 3230 1554 3295 ge

360 3336 472 3401 treten
501 3334 560 3412 iet,
590 3333 660 3400 und
689 3333 752 3401 das
783 3334 859 3400 sind
887 3335 924 3417 ja
954 3333 1073 3415 gerade
1103 3335 1155 3401 die
1186 3334 1486 3420 Mittagsstunden)
1510 3354 1555 3403 zu

359 3455 563 3524 entlliehen'

403 3576 516 3645 veroa
547 3576 646 3658 tugio
675 3576 798 3644 rabiosi
828 3582 979 3660 tempora
1010 3578 1110 3659 signi
1141 3579 1209 3644 iarn
1241 3579 1284 3645 ab
1312 3578 1379 3645 alia
1408 3579 1554 3661 quadam

359 3702 456 3783 parte
477 3696 677 3766 illustranda
699 3702 793 3766 sunt.

403 3820 537 3897 Artem,
578 3836 682 3903 quam
714 3819 940 3901 astrologiam,
974 3820 1093 3887 deinde
1128 3822 1370 3889 astronomiam
1404 3822 1554 3902 (Seneca)

358 3941 516 4010 dicebant
545 3944 688 4020 veteres,
719 3960 806 4010 saec.
835 3943 851 4008 I
872 3959 905 4008 a.
929 3943 964 4009 Ο.
988 3945 1077 4026 apud
1101 3945 1271 4012 Romanos
1294 3962 1360 4011 non
1384 3943 1495 4012 solum
1517 3945 1554 4012 in

359 4061 533 4130 doctorum
564 4062 617 4129 vel
648 4067 825 4148 poetarum
856 4064 1062 4132 umbraculis
1091 4069 1193 4149 atque
1224 4066 1328 4150 libris,
1356 4066 1415 4132 sed
1436 4067 1555 4145 etiam,

358 4188 526 4268 quantum
555 4201 641 4270 opus
670 4189 754 4269 erat,
785 4186 821 4252 in
852 4185 939 4253 ludis
971 4186 1146 4255 literarum
1177 4189 1240 4256 coli
1269 4192 1373 4272 atque
1395 4189 1554 4267 exerceri,

403 4322 459 4329 -ιη-
472 4321 556 4331 ,ιι-ιι

395 4397 421 4465 l)
439 4413 473 4449 rr,
494 4396 540 4448 tat
558 4411 607 4463 seq.
624 4399 664 4447 ul
679 4395 720 4446 uli
736 4412 772 4445 me
782 4396 879 4462 sarran
894 4396 933 4446 rol
947 4396 1028 4447 aerior
1044 4397 1080 4447 ire
1096 4398 1201 4448 lamam

624 4478 755 4538 admuil,
766 4478 948 4544 sapientiori
965 4483 1071 4544 tempora
1087 4481 1160 4546 etqui.

358 4563 394 4615 sic
412 4563 436 4614 ln
455 4560 560 4614 :little
580 4560 667 4612 blunt.
686 4560 783 4627 Paralia
803 4561 828 4612 ln
847 4559 935 4612 blant
953 4577 985 4612 nr.
1006 4563 1029 4623 1,
1046 4561 1119 4614 Gella
1137 4565 1202 4630 (cod.
1220 4568 1290 4632 rec.):
1301 4567 1377 4634 saulo
1394 4584 1500 4633 campan
1517 4568 1555 4617 lu-

358 4661 456 4713 namque
471 4645 584 4712 (bellom
601 4644 685 4707 dart.)
702 4643 825 4710 trigonam.

392 4729 418 4791 2)
435 4728 562 4795 ‘tompore'
584 4727 630 4779 hoc
652 4727 707 4779 loco
721 4748 745 4771 ι
759 4727 878 4788 standon,
902 4727 950 4793 agl.
977 4727 1163 4792 Hermandica,
1181 4748 1206 4799 p.
1223 4733 1256 4786 ll
1273 4741 1298 4784 el
1316 4733 1380 4784 infra
1397 4734 1423 4784 in
1440 4734 1487 4785 hac
1506 4733 1555 4784 dir·

358 4810 498 4878 quisitlonc.
516 4814 550 4878 (p.
569 4810 617 4874 le).
