3848 6006
931 855 995 923 331

408 1042 455 1108 Hi
483 1041 547 1110 loui
562 1039 587 1126 ¹)
617 1041 680 1109 boo
709 1039 838 1110 hebent
866 1058 1055 1125 eommune,
1086 1040 1174 1124 quod
1202 1045 1317 1109 nostro
1340 1059 1443 1110 sensu
1466 1043 1562 1110 deest

363 1181 550 1248 pronomen
560 1164 658 1231 alteri
669 1163 821 1233 subiecto
833 1165 1036 1249 oppositum.
1049 1165 1135 1232 Cum
1146 1168 1263 1233 autem
1275 1165 1394 1249 scripsi
1406 1169 1561 1233 nostrum

364 1304 507 1354 sensum
538 1303 722 1370 pronomen
752 1286 932 1370 requirere,
964 1303 1078 1354 meum
1109 1289 1145 1353 et
1176 1286 1381 1354 nostratium
1408 1304 1561 1354 meorum

364 1408 515 1490 intellegi
537 1407 639 1486 volui,
658 1408 775 1491 itaque
797 1408 984 1491 generatim
1007 1409 1175 1477 affirmare
1194 1427 1300 1476 ausus
1319 1427 1397 1477 sum
1416 1409 1502 1492 quod
1521 1409 1562 1476 de

364 1548 421 1598 me
443 1532 584 1598 tantum
608 1531 760 1613 meisque
782 1530 953 1614 discipulis
973 1531 1200 1614 compluribus
1222 1535 1314 1598 certo
1333 1532 1412 1599 seio.
1436 1532 1508 1614 Qua
1526 1531 1561 1597 in

364 1669 403 1719 re
432 1653 463 1718 si
486 1652 542 1719 oui
565 1652 771 1719 temeritatis
792 1652 1067 1721 oondemnandus
1090 1652 1236 1738 videbor,
1261 1651 1356 1720 facile
1379 1654 1495 1738 leram,
1519 1653 1562 1719 si-

365 1773 502 1857 qnidem
532 1773 581 1840 sio
610 1773 717 1840 etiam
746 1774 856 1855 magis
884 1774 1059 1857 apparebit
1087 1791 1190 1857 quam
1220 1791 1320 1858 saepe
1347 1774 1500 1842 homines
1521 1774 1563 1841 de

365 1895 521 1977 emphasi
542 1893 632 1962 inter
653 1912 691 1962 se
713 1894 929 1963 dissentiant.

412 2018 531 2100 Atque
553 2021 608 2086 est
630 2035 714 2085 sane
735 2036 796 2085 our
818 2018 894 2101 quis
917 2019 972 2087 vel
994 2020 1035 2086 de
1058 2019 1130 2086 suis
1149 2019 1358 2086 nostratibus
1377 2018 1563 2086 dubitatio

367 2141 430 2207 bae
449 2156 487 2206 re
504 2141 588 2208 osrti
606 2140 731 2223 aliquid
750 2143 912 2208 statuere.
935 2139 1005 2222 ligo
1024 2140 1159 2223 quidem
1177 2140 1267 2207 haud
1286 2140 1408 2207 leviter
1418 2139 1564 2207 miratus

368 2279 458 2340 sum,
481 2280 560 2330 oum
582 2261 696 2330 Ulixis
717 2262 821 2330 verba
844 2261 942 2329 modo
965 2261 1076 2347 allata,
1101 2278 1186 2345 quae
1209 2260 1351 2346 Hoolt2)
1374 2261 1424 2329 ita
1442 2264 1498 2328 est
1516 2261 1563 2328 in·

369 2386 598 2467 terpretatus:

460 2507 571 2575 Want
582 2510 730 2575 waertoa
740 2506 882 2574 dienden
894 2507 987 2591 gbij?
1005 2507 1072 2574 dan
1085 2507 1249 2592 vraeohdij
1264 2510 1336 2574 wat
1348 2507 1402 2574 iek
1414 2506 1542 2591 drijve?

461 2629 510 2697 De
533 2631 642 2714 vijant
663 2630 716 2712 lag
739 2629 793 2696 iok
816 2628 908 2696 laeoh
931 2645 973 2695 en
997 2646 1079 2696 onse
1101 2629 1245 2696 sohanse
1268 2630 1379 2713 stijve‚

369 2749 489 2819 eadem
513 2751 562 2818 sio
584 2750 733 2819 viderem
757 2767 919 2818 conversa
942 2751 1030 2834 apud
1054 2750 1182 2817 Vondel
1197 2746 1240 2835 ³):

463 2872 548 2940 Wet
570 2874 705 2957 rauhtpe
727 2873 914 2960 midlerwijl
938 2874 1015 2941 toch
1038 2874 1089 2940 uit
1111 2874 1147 2939 in
1170 2872 1200 2940 el
1225 2873 1302 2939 dien
1326 2875 1392 2958 tijt,

464 2994 523 3064 Die
545 2996 580 3063 in
604 2995 856 3081 krijghskennis
879 2998 989 3063 roemt
1011 3012 1114 3077 geone
1136 2995 1282 3062 anderen
1306 2999 1340 3062 ta
1364 2995 1514 3079 wijken?

463 3117 554 3186 itaer
576 3121 649 3186 wat
669 3117 882 3201 bedreeitpe?
905 3135 946 3184 en
971 3117 1112 3198 maeght
1134 3119 1176 3201 gij
1203 3117 1317 3184 weder
1336 3134 1403 3183 van
1423 3116 1565 3201 gelijlren

1269 3219 1277 3237 Ι

462 3239 548 3307 Wat
570 3238 608 3307 ik
630 3239 785 3307 bedraei?
807 3239 840 3304 'k
861 3239 1005 3321 Belaegb
1027 3239 1091 3305 den
1115 3240 1234 3322 vijant.
1259 3239 1298 3305 llr
1322 3239 1430 3306 bewal

462 3360 512 3429 De
533 3361 667 3443 maden
684 3407 1429 3427 ..............

368 3482 423 3550 Da
445 3481 546 3550 costa
568 3499 649 3550 vero
670 3483 733 3551 hae
756 3500 841 3550 usus
863 3485 918 3549 est
940 3481 1127 3566 periphrasi
1141 3479 1184 3567 ⁴):

463 3603 549 3672 Wat
559 3604 659 3672 deedt
669 3605 725 3689 gij,
738 3606 940 3672 woesmartl
959 3607 1048 3689 tuen,
1062 3603 1114 3670 die
1126 3605 1215 3671 niets
1227 3607 1382 3671 versteat
1393 3605 1459 3671 dan
1474 3605 1567 3672 vech-

463 3724 783 3810 l'erwijlikzorgde,
797 3742 840 3792 en
853 3724 998 3809 nasute,
1011 3725 1418 3806 enonzelegerlrneohten
1474 3727 1569 3806 [teni

464 3846 513 3932 Bij
537 3847 565 3914 't
586 3846 707 3928 lastige
730 3845 823 3927 beleg
847 3847 1043 3928 volnarding
1065 3848 1239 3923 sanboval‚

463 3967 535 4036 Dan
558 3968 673 4053 vdend
694 3966 793 4049 lagen
816 3968 969 4051 spreidde
991 3986 1034 4036 en
1058 3968 1086 4035 't
1109 3968 1198 4050 leger
1220 3972 1293 4035 met
1314 3986 1377 4036 een
1401 3970 1465 4036 wal

464 4091 513 4157 En
538 4090 778 4172 vestlngmuur
799 4090 916 4172 omgai
934 4107 977 4156 en
1001 4108 1082 4158 voor
1104 4090 1296 4172 verreasing
1319 4091 1455 4158 hoedde.

466 4211 498 4279 ’lt
520 4211 608 4280 Was
630 4212 761 4294 nuttig:
785 4213 829 4296 gij
855 4213 1029 4279 verteerde
1052 4213 1087 4278 in
1111 4212 1342 4280 vruohtelooze
1365 4212 1489 4279 wosde.

410 4393 434 4456 1)
451 4392 534 4445 Μἰιιιι
560 4393 661 4445 flduulur
686 4408 800 4459 sompno
823 4392 896 4443 ovid.
918 4392 959 4444 Tr.
982 4393 1003 4443 1.
1027 4394 1051 4443 b.
1070 4393 1139 4453 1814:
1165 4392 1221 4452 „Sia
1244 4409 1298 4442 mou
1321 4393 1402 4443 noreio
1426 4393 1481 4458 quis
1498 4394 1570 4443 robur

373 4475 441 4527 mulo
466 4476 528 4528 fidus
549 4476 644 4527 suurbis
666 4474 696 4527 Iu
718 4476 782 4526 bona
805 4481 929 4537 venturus,
953 4475 974 4526 si
992 4479 1112 4540 paterere,
1129 4475 1202 4526 saiw
1219 4481 1244 4525 ot
1262 4474 1322 4527 Hor.
1339 4475 1385 4541 lip.
1402 4475 1437 4526 Il.
1455 4475 1480 4526 2.
1497 4477 1569 4541 6814:

374 4557 460 4625 „Quid
483 4558 557 4610 demi
581 4558 641 4625 quid
665 4574 714 4609 non
732 4557 956 4619 demutandast,
975 4558 1039 4623 qnod
1054 4558 1126 4622 jubat
1143 4558 1221 4618 alten
1238 4557 1311 4624 Quod
1323 4559 1397 4623 pelio,
1415 4559 1440 4609 id
1458 4575 1516 4608 suus
1534 4566 1571 4610 ost

374 4641 482 4691 lurisnm
498 4640 643 4706 acidumque
659 4640 780 4692 dnobua'’.

410 4722 595 4786 Medietatem
612 4723 677 4774 Voti.
695 4723 757 4789 uitg.
774 4739 821 4773 nn
839 4722 882 4774 Dr.
899 4723 926 4774 F.
945 4725 974 4773 Δ.
992 4723 1079 4774 Stoett.
1097 4722 1131 4774 11.
1150 4738 1175 4787 p.
1194 4723 1235 4773 89.
1253 4723 1354 4783 ltalia.

410 4805 437 4868 b)
453 4805 556 4857 Oridlns
572 4805 779 4873 Hersobsppinssa,
797 4805 865 4872 bug.
883 4822 930 4857 run
948 4823 972 4858 r.
988 4805 1211 4874 Iaennop-Ungsr.

410 4891 438 4953 4)
454 4887 621 4956 Heldonpleit.
