3848 6006
925 793 991 859 340

358 994 414 1045 res
444 979 547 1059 atque
569 976 678 1044 vitam
702 976 879 1044 hominum
902 976 1056 1045 ineuntis
1078 976 1203 1045 saeculi
1227 974 1333 1055 xvi,
1356 979 1451 1046 recto
1472 975 1562 1045 vidit

359 1099 513 1184 Prinsen,
544 1097 603 1166 sed
634 1098 691 1181 qui
722 1115 822 1181 opera
854 1098 975 1166 horum
1003 1102 1194 1182 tempomm
1217 1099 1326 1166 denuo
1349 1099 1448 1167 edere
1471 1098 1562 1176 vult,

359 1222 390 1287 ei
410 1236 479 1286 non
497 1217 762 1286 obliviscendum
782 1220 837 1286 est
854 1218 929 1286 illas
947 1218 1112 1285 editiones
1132 1218 1291 1302 antiquas
1307 1219 1397 1288 haud
1408 1218 1563 1288 multum

360 1340 492 1407 differre
522 1357 543 1406 a
573 1338 815 1422 manuscriptis
845 1341 1021 1407 auctorum
1044 1340 1212 1407 veterum.
1244 1338 1368 1406 Mirum
1390 1342 1565 1421 quantum

362 1461 457 1529 vitiis
488 1463 633 1537 scatent,
664 1476 750 1544 quae
781 1477 849 1527 non
880 1460 1082 1543 imputanda
1109 1464 1192 1527 suut
1215 1459 1346 1528 auctori
1371 1496 1410 1509 -
1438 1460 1565 1544 quippe

362 1582 419 1666 qni
449 1580 646 1665 usumque
674 1578 810 1662 linguae
840 1578 987 1648 Betim
1010 1579 1149 1663 pantica
1171 1581 1471 1663 esset,·quarn·ut
1487 1562 1566 1646 tim

364 1701 470 1772 stulte
499 1702 661 1770 scriberet
689 1739 723 1751 -
751 1702 810 1769 sed
841 1701 962 1783 ignaro
988 1701 1132 1769 Mbrario.
1156 1702 1212 1768 Ad
1234 1701 1297 1768 hoc
1320 1703 1399 1769 boni
1422 1700 1567 1770 editoris

363 1826 418 1891 est
449 1823 563 1889 omnia
592 1822 721 1901 afferre,
745 1838 832 1905 quae
855 1821 1070 1905 explicationi
1092 1825 1213 1890 textus
1236 1823 1394 1906 prodesse
1417 1823 1567 1906 possint.

366 1944 530 2012 Nostrum
548 1941 711 2011 editorem
729 1960 790 2026 pro
810 1941 897 2010 virili
915 1943 1035 2024 egisse,
1055 1960 1155 2011 nemo
1173 1946 1238 2020 est,
1257 1943 1316 2025 qui
1339 1946 1451 2024 neget.
1475 1943 1568 2027 Quin

364 2065 470 2133 etiam
491 2081 570 2132 cum
593 2063 668 2131 sine
689 2063 812 2132 cortice
834 2067 956 2132 natare
976 2063 1090 2143 nollet,
1109 2064 1274 2133 auxilium
1292 2065 1467 2133 invocavit
1486 2065 1569 2133 duo

366 2202 444 2254 rum
474 2185 634 2262 viromm,
666 2201 750 2267 quos
774 2184 917 2253 libenter
939 2186 1141 2253 confitemur
1163 2186 1328 2254 eiusmodi
1349 2186 1444 2253 oneri
1467 2203 1571 2269 pares

367 2324 453 2376 esse.
485 2307 549 2374 Sed
580 2310 713 2374 restant
743 2305 915 2385 nonnulla,
947 2325 1008 2376 nec
1039 2306 1203 2376 mehercle
1234 2308 1376 2376 mirumi
1404 2307 1572 2391 Quisquis

369 2445 436 2496 non
460 2445 581 2511 parum
600 2431 767 2506 accurate,
788 2428 847 2495 sed
866 2429 924 2512 ita,
945 2432 986 2496 ut
1006 2445 1124 2496 revera
1143 2430 1228 2496 bene
1247 2429 1360 2497 omnia
1378 2428 1572 2513 intellegat,

367 2567 467 2633 opera
485 2551 522 2616 et
541 2552 718 2617 auctorum
739 2549 841 2617 medii
862 2550 939 2618 aevi
957 2552 994 2618 et
1013 2567 1141 2629 eorum,
1161 2550 1219 2634 qui
1236 2550 1336 2634 vulgo
1348 2550 1573 2619 humanistac

369 2670 589 2756 appellantur,
619 2670 710 2755 legit,
742 2671 773 2739 is
795 2689 863 2739 non
887 2673 1031 2756 ignorat,
1054 2675 1222 2756 quantum
1244 2670 1368 2740 laboris
1389 2687 1497 2755 saepe
1516 2673 1573 2741 nd·

369 2793 552 2861 hibendum
574 2793 633 2871 sit,
655 2810 698 2861 ne
720 2795 929 2876 singulorum
951 2795 1129 2862 verborum
1153 2794 1210 2863 ris
1233 2811 1304 2863 non
1319 2793 1461 2876 edurgiat
1480 2810 1574 2862 nave

369 2914 491 2982 incerti
513 2915 632 2994 simus,
656 2931 722 2999 quo
744 2915 807 2982 boc
830 2915 954 2984 illudve
976 2919 1118 3001 spectet.

416 3033 469 3102 Mx
499 3035 564 3103 illis
594 3038 669 3104 octo
700 3037 815 3105 satiris
844 3054 921 3104 earu
942 3037 1036 3119 elegi,
1059 3055 1146 3120 quae
1169 3038 1253 3106 mihi
1275 3038 1426 3106 maxime
1448 3038 1575 3108 idonea

371 3175 447 3226 esse
477 3158 611 3225 videtur
642 3159 684 3225 ad
714 3157 961 3241 explicandum,
992 3159 1275 3242 quemadmodum
1304 3163 1421 3227 noster
1443 3161 1576 3230 satiras

371 3296 454 3347 suas
470 3279 705 3363 composuerit.
724 3279 764 3346 In
782 3280 963 3349 monachos
974 3279 1149 3348 invehitur
1159 3284 1268 3365 poeta,
1280 3281 1404 3365 quibus
1416 3281 1576 3353 Bacchus

372 3403 409 3467 et
426 3400 546 3468 Venus
565 3400 610 3467 dii
628 3404 722 3480 sunt,
742 3404 778 3468 et
796 3401 920 3468 statim
936 3401 980 3469 ab
998 3400 1097 3469 initio
1115 3402 1284 3471 exclamat
1302 3402 1385 3471 nihil
1401 3402 1576 3486 religionis

372 3522 486 3590 avitae
504 3523 540 3589 in
557 3524 730 3591 monachis
747 3523 862 3592 calere.
883 3524 933 3592 Ut
951 3526 1041 3609 apud
1061 3526 1243 3593 Horatium
1262 3527 1410 3610 aliosque
1425 3527 1577 3597 Monitor

374 3644 509 3728 quidam
533 3646 757 3714 introducitur
779 3651 896 3729 poetae
919 3649 1076 3724 suadens,
1100 3650 1141 3714 ut
1159 3651 1281 3716 caveat
1299 3649 1493 3734 monachos,
1514 3652 1576 3733 qui

377 3767 528 3854 „lumina
558 3771 640 3834 sunt
670 3769 799 3850 mundi,
830 3768 1014 3850 dignantur
1043 3768 1179 3835 nomine
1210 3767 1361 3836 divum.”
1397 3769 1575 3850 Noscisne,

375 3888 498 3971 inquit,
526 3889 677 3956 carmina
708 3889 868 3973 praeclari
891 3888 1044 3957 Montani
1067 3889 1215 3957 flammis
1238 3891 1365 3958 tradita
1387 3893 1492 3960 esse?
1524 3891 1578 3961 De

377 4008 538 4077 Montano
561 4013 669 4092 poeta,
691 4010 788 4077 cuius
812 4027 921 4093 opera,
945 4028 1023 4078 cum
1047 4027 1153 4093 pauca
1171 4009 1376 4095 exemplaria
1393 4028 1579 4095 superesse

377 4130 566 4214 videantur,
597 4130 722 4198 iterum
751 4131 848 4198 edere
879 4131 953 4198 sine
984 4131 1085 4198 dubio
1108 4147 1229 4214 operas
1252 4133 1398 4214 pretium
1421 4133 1499 4217 erit,
1522 4153 1578 4204 co·

377 4252 470 4336 piose
499 4252 569 4335 egit
600 4252 752 4319 Prinsen.
787 4254 838 4320 Ut
869 4252 969 4319 multi
998 4252 1066 4336 alii,
1098 4251 1367 4321 Geidenhaurius
1397 4255 1578 4336 ingenium

378 4373 532 4440 Montani
554 4374 797 4452 admirabatur,
819 4373 852 4441 id
876 4372 964 4456 quod
983 4391 1050 4440 non
1070 4372 1179 4440 solum
1199 4378 1340 4457 apparet
1358 4391 1401 4441 ex
1420 4376 1578 4458 epistola,

379 4512 481 4578 quam
510 4495 624 4563 satiris
656 4496 808 4564 Montani
838 4496 935 4562 lectis
965 4496 1163 4578 relectisque
1192 4497 1321 4563 auctori
1344 4496 1489 4579 scripsit,
1516 4499 1578 4565 sed

379 4617 484 4683 etiam
514 4635 557 4682 ex
588 4616 696 4698 ipsius
719 4617 843 4684 satiris.
868 4616 960 4699 Quod
984 4634 1189 4700 quamquam
1212 4616 1352 4684 Priusen
1375 4617 1445 4684 iam
1467 4620 1579 4687 anim·

380 4738 539 4816 advertit,
561 4741 676 4804 tamen
699 4739 864 4821 copiosius
887 4738 1061 4806 ostendere
1084 4737 1168 4805 mihi
1190 4755 1327 4807 necesse
1349 4738 1495 4807 videtur.
