<?xml version="1.0" encoding="UTF-8"?>
<!DOCTYPE html PUBLIC "-//W3C//DTD XHTML 1.0 Transitional//EN"
    "http://www.w3.org/TR/xhtml1/DTD/xhtml1-transitional.dtd">
<html xmlns="http://www.w3.org/1999/xhtml" xml:lang="en" lang="en">
 <head>
  <title>
</title>
<meta http-equiv="Content-Type" content="text/html;charset=utf-8" />
  <meta name='ocr-system' content='tesseract 3.04.00' />
  <meta name='ocr-capabilities' content='ocr_page ocr_carea ocr_par ocr_line ocrx_word'/>
</head>
<body>
  <div class='ocr_page' id='page_1' title='image "./sertumnabericum00nabegoog_0114.png"; bbox 0 0 4070 6138; ppageno 0'>
   <div class='ocr_carea' id='block_1_1' title="bbox 829 937 891 1006">
    <p class='ocr_par' dir='ltr' id='par_1_1' title="bbox 829 937 891 1006">
     <span class='ocr_line' id='line_1_1' title="bbox 829 937 891 1006; baseline 0.032 -2"><span class='ocrx_word' id='word_1_1' title='bbox 829 937 891 1006; x_wconf 88' lang='lat'><strong>101</strong></span> 
     </span>
    </p>
   </div>
   <div class='ocr_carea' id='block_1_2' title="bbox 256 1113 1458 4968">
    <p class='ocr_par' dir='ltr' id='par_1_2' title="bbox 256 1113 1458 1931">
     <span class='ocr_line' id='line_1_2' title="bbox 256 1113 1457 1203; baseline 0.002 -20"><span class='ocrx_word' id='word_1_2' title='bbox 256 1115 348 1197; x_wconf 65' lang='lat' dir='ltr'><strong>duni</strong></span> <span class='ocrx_word' id='word_1_3' title='bbox 371 1113 490 1200; x_wconf 67' lang='grc' dir='ltr'><strong>ὶγαθῷ</strong></span> <span class='ocrx_word' id='word_1_4' title='bbox 511 1113 606 1182; x_wconf 68' lang='lat' dir='ltr'><strong>mxlv</strong></span> <span class='ocrx_word' id='word_1_5' title='bbox 628 1116 713 1185; x_wconf 71' lang='lat' dir='ltr'><strong>cdliv</strong></span> <span class='ocrx_word' id='word_1_6' title='bbox 734 1115 805 1185; x_wconf 74' lang='lat' dir='ltr'><strong>odra</strong></span> <span class='ocrx_word' id='word_1_7' title='bbox 829 1117 917 1203; x_wconf 75' lang='grc' dir='ltr'><strong><em>ζῶντι</em></strong></span> <span class='ocrx_word' id='word_1_8' title='bbox 940 1120 1012 1188; x_wconf 75' lang='grc' dir='ltr'><strong>οὔτε</strong></span> <span class='ocrx_word' id='word_1_9' title='bbox 1034 1119 1269 1200; x_wconf 69' lang='grc' dir='ltr'><strong>τιλευτῆσαντι,</strong></span> <span class='ocrx_word' id='word_1_10' title='bbox 1293 1120 1355 1189; x_wconf 73' lang='grc' dir='ltr'><strong>οὐδ’</strong></span> <span class='ocrx_word' id='word_1_11' title='bbox 1379 1123 1457 1198; x_wconf 75' lang='lat' dir='ltr'><strong>dua-</strong></span> 
     </span>
     <span class='ocr_line' id='line_1_3' title="bbox 265 1235 1458 1322; baseline 0.003 -16"><span class='ocrx_word' id='word_1_12' title='bbox 265 1244 368 1307; x_wconf 66' lang='lat' dir='ltr'><strong>arten</strong></span> <span class='ocrx_word' id='word_1_13' title='bbox 393 1239 452 1306; x_wconf 67' lang='lat' dir='ltr'><strong>tet</strong></span> <span class='ocrx_word' id='word_1_14' title='bbox 470 1235 550 1306; x_wconf 71' lang='grc' dir='ltr'><strong>θοῦν</strong></span> <span class='ocrx_word' id='word_1_15' title='bbox 567 1237 612 1306; x_wconf 73' lang='grc' dir='ltr'><strong>τὸ</strong></span> <span class='ocrx_word' id='word_1_16' title='bbox 627 1238 740 1306; x_wconf 73' lang='grc' dir='ltr'><strong><em>’τούτου</em></strong></span> <span class='ocrx_word' id='word_1_17' title='bbox 758 1239 952 1322; x_wconf 61' lang='lat' dir='ltr'><strong>redonata.</strong></span> <span class='ocrx_word' id='word_1_18' title='bbox 976 1243 1076 1311; x_wconf 78' lang='lat' dir='ltr'><strong>Plura</strong></span> <span class='ocrx_word' id='word_1_19' title='bbox 1094 1247 1188 1321; x_wconf 83' lang='lat' dir='ltr'>sunt,</span> <span class='ocrx_word' id='word_1_20' title='bbox 1208 1244 1267 1310; x_wconf 83' lang='lat' dir='ltr'><strong>sed</strong></span> <span class='ocrx_word' id='word_1_21' title='bbox 1287 1245 1370 1312; x_wconf 78' lang='lat' dir='ltr'><strong>haec</strong></span> <span class='ocrx_word' id='word_1_22' title='bbox 1390 1243 1458 1310; x_wconf 82' lang='lat' dir='ltr'><strong>sui·</strong></span> 
     </span>
     <span class='ocr_line' id='line_1_4' title="bbox 265 1360 1456 1446; baseline 0.003 -17"><span class='ocrx_word' id='word_1_23' title='bbox 265 1360 380 1430; x_wconf 82' lang='lat' dir='ltr'><strong>dolant</strong></span> <span class='ocrx_word' id='word_1_24' title='bbox 416 1362 460 1429; x_wconf 93' lang='lat' dir='ltr'><strong>ad</strong></span> <span class='ocrx_word' id='word_1_25' title='bbox 496 1362 706 1446; x_wconf 89' lang='lat' dir='ltr'><strong>probandum</strong></span> <span class='ocrx_word' id='word_1_26' title='bbox 742 1363 853 1432; x_wconf 87' lang='lat' dir='ltr'><strong>artius</strong></span> <span class='ocrx_word' id='word_1_27' title='bbox 890 1364 1065 1432; x_wconf 89' lang='lat' dir='ltr'><strong>vinculum</strong></span> <span class='ocrx_word' id='word_1_28' title='bbox 1098 1381 1174 1432; x_wconf 75' lang='lat' dir='ltr'><strong>esso</strong></span> <span class='ocrx_word' id='word_1_29' title='bbox 1207 1366 1297 1432; x_wconf 85' lang='lat' dir='ltr'><strong>inter</strong></span> <span class='ocrx_word' id='word_1_30' title='bbox 1327 1369 1456 1434; x_wconf 89' lang='lat' dir='ltr'><strong>ceteros</strong></span> 
     </span>
     <span class='ocr_line' id='line_1_5' title="bbox 265 1481 1454 1569; baseline 0.002 -19"><span class='ocrx_word' id='word_1_31' title='bbox 265 1481 410 1564; x_wconf 81' lang='lat' dir='ltr'><strong>dialogos</strong></span> <span class='ocrx_word' id='word_1_32' title='bbox 439 1485 481 1550; x_wconf 91' lang='lat' dir='ltr'><strong>et</strong></span> <span class='ocrx_word' id='word_1_33' title='bbox 507 1481 704 1566; x_wconf 85' lang='lat' dir='ltr'><strong>Apologinm</strong></span> <span class='ocrx_word' id='word_1_34' title='bbox 726 1501 830 1567; x_wconf 88' lang='lat' dir='ltr'><strong>quam</strong></span> <span class='ocrx_word' id='word_1_35' title='bbox 853 1488 893 1551; x_wconf 91' lang='lat' dir='ltr'><strong>ut</strong></span> <span class='ocrx_word' id='word_1_36' title='bbox 915 1485 950 1551; x_wconf 92' lang='lat' dir='ltr'><strong>in</strong></span> <span class='ocrx_word' id='word_1_37' title='bbox 973 1485 1038 1552; x_wconf 90' lang='lat' dir='ltr'><strong>illis</strong></span> <span class='ocrx_word' id='word_1_38' title='bbox 1060 1483 1213 1553; x_wconf 78' lang='lat' dir='ltr'>Platonis</span> <span class='ocrx_word' id='word_1_39' title='bbox 1236 1491 1395 1569; x_wconf 85' lang='lat' dir='ltr'><strong>mentem,</strong></span> <span class='ocrx_word' id='word_1_40' title='bbox 1420 1487 1454 1552; x_wconf 93' lang='lat' dir='ltr'><strong>in</strong></span> 
     </span>
     <span class='ocr_line' id='line_1_6' title="bbox 264 1603 1456 1689; baseline 0.004 -19"><span class='ocrx_word' id='word_1_41' title='bbox 264 1603 326 1670; x_wconf 88' lang='lat' dir='ltr'><strong>hac</strong></span> <span class='ocrx_word' id='word_1_42' title='bbox 342 1603 491 1671; x_wconf 87' lang='lat' dir='ltr'><strong>Socratis</strong></span> <span class='ocrx_word' id='word_1_43' title='bbox 510 1604 613 1671; x_wconf 86' lang='lat' dir='ltr'><strong>verba</strong></span> <span class='ocrx_word' id='word_1_44' title='bbox 627 1621 860 1685; x_wconf 78' lang='lat' dir='ltr'><strong>agnoscamus.</strong></span> <span class='ocrx_word' id='word_1_45' title='bbox 876 1606 945 1674; x_wconf 89' lang='lat' dir='ltr'><strong>Neo</strong></span> <span class='ocrx_word' id='word_1_46' title='bbox 961 1606 1139 1689; x_wconf 82' lang='lat' dir='ltr'><strong>quicquam</strong></span> <span class='ocrx_word' id='word_1_47' title='bbox 1155 1607 1277 1674; x_wconf 86' lang='lat' dir='ltr'><strong>horum</strong></span> <span class='ocrx_word' id='word_1_48' title='bbox 1290 1607 1325 1674; x_wconf 93' lang='lat' dir='ltr'><strong>in</strong></span> <span class='ocrx_word' id='word_1_49' title='bbox 1342 1607 1456 1676; x_wconf 85' lang='lat' dir='ltr'><strong>Xeno</strong></span> 
     </span>
     <span class='ocr_line' id='line_1_7' title="bbox 264 1724 1455 1816; baseline 0.004 -23"><span class='ocrx_word' id='word_1_50' title='bbox 264 1726 401 1809; x_wconf 87' lang='lat' dir='ltr'><strong>phontis</strong></span> <span class='ocrx_word' id='word_1_51' title='bbox 415 1724 587 1810; x_wconf 78' lang='lat' dir='ltr'><strong>Apologia,</strong></span> <span class='ocrx_word' id='word_1_52' title='bbox 607 1744 693 1810; x_wconf 84' lang='lat' dir='ltr'><strong>qnae</strong></span> <span class='ocrx_word' id='word_1_53' title='bbox 713 1726 788 1811; x_wconf 87' lang='lat' dir='ltr'><strong>ipsa</strong></span> <span class='ocrx_word' id='word_1_54' title='bbox 805 1745 935 1812; x_wconf 86' lang='lat' dir='ltr'><strong>quoque</strong></span> <span class='ocrx_word' id='word_1_55' title='bbox 954 1732 1108 1796; x_wconf 88' lang='lat' dir='ltr'><strong>orantem</strong></span> <span class='ocrx_word' id='word_1_56' title='bbox 1124 1729 1296 1798; x_wconf 85' lang='lat' dir='ltr'><strong>Socratem</strong></span> <span class='ocrx_word' id='word_1_57' title='bbox 1315 1730 1455 1816; x_wconf 83' lang='lat' dir='ltr'>inducit,</span> 
     </span>
     <span class='ocr_line' id='line_1_8' title="bbox 264 1847 955 1931; baseline 0.004 -18"><span class='ocrx_word' id='word_1_58' title='bbox 264 1847 399 1931; x_wconf 88' lang='lat' dir='ltr'><strong>reperiri</strong></span> <span class='ocrx_word' id='word_1_59' title='bbox 424 1847 574 1915; x_wconf 90' lang='lat' dir='ltr'><strong>mirabile</strong></span> <span class='ocrx_word' id='word_1_60' title='bbox 594 1848 662 1916; x_wconf 87' lang='lat' dir='ltr'><strong>iam</strong></span> <span class='ocrx_word' id='word_1_61' title='bbox 686 1867 754 1918; x_wconf 91' lang='lat' dir='ltr'><strong>non</strong></span> <span class='ocrx_word' id='word_1_62' title='bbox 776 1851 955 1918; x_wconf 86' lang='lat' dir='ltr'><strong>videbitur.</strong></span> 
     </span>
    </p>

    <p class='ocr_par' dir='ltr' id='par_1_3' title="bbox 260 1968 1456 3010">
     <span class='ocr_line' id='line_1_9' title="bbox 309 1968 1456 2057; baseline 0.006 -22"><span class='ocrx_word' id='word_1_63' title='bbox 309 1968 402 2036; x_wconf 88' lang='lat' dir='ltr'><strong>Haec</strong></span> <span class='ocrx_word' id='word_1_64' title='bbox 423 1969 636 2050; x_wconf 81' lang='lat' dir='ltr'><strong>argumenta</strong></span> <span class='ocrx_word' id='word_1_65' title='bbox 648 1969 749 2054; x_wconf 85' lang='lat' dir='ltr'><strong>(quod</strong></span> <span class='ocrx_word' id='word_1_66' title='bbox 772 1973 809 2039; x_wconf 92' lang='lat' dir='ltr'><strong>in</strong></span> <span class='ocrx_word' id='word_1_67' title='bbox 832 1971 945 2039; x_wconf 88' lang='lat' dir='ltr'><strong>verbis</strong></span> <span class='ocrx_word' id='word_1_68' title='bbox 967 1971 1116 2040; x_wconf 85' lang='lat' dir='ltr'><strong>Socratis</strong></span> <span class='ocrx_word' id='word_1_69' title='bbox 1135 1989 1250 2041; x_wconf 82' lang='lat' dir='ltr'><strong>aecum</strong></span> <span class='ocrx_word' id='word_1_70' title='bbox 1270 1973 1456 2057; x_wconf 88' lang='lat' dir='ltr'><strong>pugnantia</strong></span> 
     </span>
     <span class='ocr_line' id='line_1_10' title="bbox 262 2089 1454 2178; baseline 0.003 -22"><span class='ocrx_word' id='word_1_71' title='bbox 262 2089 489 2178; x_wconf 82' lang='lat' dir='ltr'><strong>offenduntur,</strong></span> <span class='ocrx_word' id='word_1_72' title='bbox 519 2090 608 2174; x_wconf 85' lang='lat' dir='ltr'><strong>quod</strong></span> <span class='ocrx_word' id='word_1_73' title='bbox 635 2107 680 2159; x_wconf 86' lang='lat' dir='ltr'><strong>ex</strong></span> <span class='ocrx_word' id='word_1_74' title='bbox 710 2092 754 2158; x_wconf 88' lang='lat' dir='ltr'><strong>iis</strong></span> <span class='ocrx_word' id='word_1_75' title='bbox 775 2092 938 2176; x_wconf 85' lang='lat' dir='ltr'><strong>quaedam</strong></span> <span class='ocrx_word' id='word_1_76' title='bbox 962 2093 997 2158; x_wconf 95' lang='lat' dir='ltr'><strong>in</strong></span> <span class='ocrx_word' id='word_1_77' title='bbox 1021 2091 1097 2159; x_wconf 89' lang='lat' dir='ltr'><strong>aliis</strong></span> <span class='ocrx_word' id='word_1_78' title='bbox 1118 2090 1257 2174; x_wconf 80' lang='lat' dir='ltr'><strong>dialogis</strong></span> <span class='ocrx_word' id='word_1_79' title='bbox 1279 2095 1454 2177; x_wconf 78' lang='lat' dir='ltr'>iterantur,</span> 
     </span>
     <span class='ocr_line' id='line_1_11' title="bbox 262 2210 1456 2298; baseline 0.005 -21"><span class='ocrx_word' id='word_1_80' title='bbox 262 2210 349 2293; x_wconf 89' lang='lat' dir='ltr'><strong>quod</strong></span> <span class='ocrx_word' id='word_1_81' title='bbox 366 2210 460 2278; x_wconf 87' lang='lat' dir='ltr'><strong>locus</strong></span> <span class='ocrx_word' id='word_1_82' title='bbox 478 2211 519 2278; x_wconf 93' lang='lat' dir='ltr'><strong>do</strong></span> <span class='ocrx_word' id='word_1_83' title='bbox 535 2212 651 2280; x_wconf 84' lang='lat' dir='ltr'><strong>Eueno</strong></span> <span class='ocrx_word' id='word_1_84' title='bbox 666 2231 688 2280; x_wconf 89' lang='lat' dir='ltr'><strong>a</strong></span> <span class='ocrx_word' id='word_1_85' title='bbox 701 2212 893 2281; x_wconf 80' lang='lat' dir='ltr'><strong>defensione</strong></span> <span class='ocrx_word' id='word_1_86' title='bbox 908 2213 1040 2280; x_wconf 87' lang='lat' dir='ltr'><strong>alienus</strong></span> <span class='ocrx_word' id='word_1_87' title='bbox 1053 2217 1117 2296; x_wconf 89' lang='lat' dir='ltr'><strong>est,</strong></span> <span class='ocrx_word' id='word_1_88' title='bbox 1133 2214 1221 2296; x_wconf 88' lang='lat' dir='ltr'><strong>quod</strong></span> <span class='ocrx_word' id='word_1_89' title='bbox 1236 2220 1319 2282; x_wconf 85' lang='lat' dir='ltr'><strong>sunt</strong></span> <span class='ocrx_word' id='word_1_90' title='bbox 1333 2215 1456 2298; x_wconf 86' lang='lat' dir='ltr'>quibus</span> 
     </span>
     <span class='ocr_line' id='line_1_12' title="bbox 262 2331 1456 2416; baseline 0.005 -19"><span class='ocrx_word' id='word_1_91' title='bbox 262 2348 307 2398; x_wconf 86' lang='lat' dir='ltr'><strong>ox</strong></span> <span class='ocrx_word' id='word_1_92' title='bbox 335 2331 471 2415; x_wconf 88' lang='lat' dir='ltr'><strong>reliquis</strong></span> <span class='ocrx_word' id='word_1_93' title='bbox 501 2332 595 2399; x_wconf 86' lang='lat' dir='ltr'><strong>libris</strong></span> <span class='ocrx_word' id='word_1_94' title='bbox 626 2331 809 2400; x_wconf 80' lang='lat' dir='ltr'><strong>Platonicis</strong></span> <span class='ocrx_word' id='word_1_95' title='bbox 838 2332 897 2399; x_wconf 86' lang='lat' dir='ltr'><strong>lux</strong></span> <span class='ocrx_word' id='word_1_96' title='bbox 927 2333 1096 2400; x_wconf 80' lang='lat' dir='ltr'><strong>aderanda</strong></span> <span class='ocrx_word' id='word_1_97' title='bbox 1117 2335 1178 2416; x_wconf 87' lang='lat' dir='ltr'><strong>sit)</strong></span> <span class='ocrx_word' id='word_1_98' title='bbox 1201 2336 1308 2403; x_wconf 90' lang='lat' dir='ltr'><strong>multo</strong></span> <span class='ocrx_word' id='word_1_99' title='bbox 1329 2337 1456 2403; x_wconf 80' lang='lat' dir='ltr'><strong>cenius</strong></span> 
     </span>
     <span class='ocr_line' id='line_1_13' title="bbox 262 2452 1454 2540; baseline 0.003 -19"><span class='ocrx_word' id='word_1_100' title='bbox 262 2454 296 2521; x_wconf 94' lang='lat' dir='ltr'><strong>id</strong></span> <span class='ocrx_word' id='word_1_101' title='bbox 317 2453 405 2536; x_wconf 84' lang='lat' dir='ltr'><strong>quod</strong></span> <span class='ocrx_word' id='word_1_102' title='bbox 424 2452 559 2521; x_wconf 83' lang='lat' dir='ltr'><strong>Sohann</strong></span> <span class='ocrx_word' id='word_1_103' title='bbox 580 2453 690 2522; x_wconf 90' lang='lat' dir='ltr'><strong>voluit</strong></span> <span class='ocrx_word' id='word_1_104' title='bbox 713 2453 796 2521; x_wconf 87' lang='lat' dir='ltr'><strong>mihi</strong></span> <span class='ocrx_word' id='word_1_105' title='bbox 818 2455 977 2521; x_wconf 85' lang='lat' dir='ltr'><strong>videntur</strong></span> <span class='ocrx_word' id='word_1_106' title='bbox 995 2455 1135 2538; x_wconf 84' lang='lat' dir='ltr'><strong>efficere,</strong></span> <span class='ocrx_word' id='word_1_107' title='bbox 1155 2456 1189 2522; x_wconf 94' lang='lat' dir='ltr'><strong>in</strong></span> <span class='ocrx_word' id='word_1_108' title='bbox 1208 2456 1369 2540; x_wconf 83' lang='lat' dir='ltr'><strong>Apologia</strong></span> <span class='ocrx_word' id='word_1_109' title='bbox 1388 2475 1454 2524; x_wconf 92' lang='lat' dir='ltr'><strong>non</strong></span> 
     </span>
     <span class='ocr_line' id='line_1_14' title="bbox 262 2573 1454 2659; baseline 0.001 -15"><span class='ocrx_word' id='word_1_110' title='bbox 262 2575 360 2644; x_wconf 81' lang='lat' dir='ltr'><strong>aliter</strong></span> <span class='ocrx_word' id='word_1_111' title='bbox 391 2578 496 2658; x_wconf 81' lang='lat' dir='ltr'><strong>atque</strong></span> <span class='ocrx_word' id='word_1_112' title='bbox 529 2575 566 2642; x_wconf 90' lang='lat' dir='ltr'><strong>in</strong></span> <span class='ocrx_word' id='word_1_113' title='bbox 600 2573 676 2642; x_wconf 88' lang='lat' dir='ltr'><strong>aliis</strong></span> <span class='ocrx_word' id='word_1_114' title='bbox 709 2573 847 2657; x_wconf 85' lang='lat' dir='ltr'><strong>dialogis</strong></span> <span class='ocrx_word' id='word_1_115' title='bbox 881 2579 1100 2659; x_wconf 90' lang='lat' dir='ltr'><strong>personatum</strong></span> <span class='ocrx_word' id='word_1_116' title='bbox 1131 2577 1303 2644; x_wconf 81' lang='lat' dir='ltr'><strong>Socratem</strong></span> <span class='ocrx_word' id='word_1_117' title='bbox 1330 2578 1454 2645; x_wconf 81' lang='lat' dir='ltr'><strong>induci.</strong></span> 
     </span>
     <span class='ocr_line' id='line_1_15' title="bbox 262 2697 1455 2784; baseline 0.001 -18"><span class='ocrx_word' id='word_1_118' title='bbox 262 2699 418 2766; x_wconf 81' lang='lat' dir='ltr'><strong>Schanaii</strong></span> <span class='ocrx_word' id='word_1_119' title='bbox 449 2697 540 2766; x_wconf 85' lang='lat' dir='ltr'><strong>enim</strong></span> <span class='ocrx_word' id='word_1_120' title='bbox 574 2701 776 2780; x_wconf 86' lang='lat' dir='ltr'><strong>argumenta</strong></span> <span class='ocrx_word' id='word_1_121' title='bbox 809 2699 935 2782; x_wconf 83' lang='lat' dir='ltr'><strong>parlim</strong></span> <span class='ocrx_word' id='word_1_122' title='bbox 969 2716 1071 2782; x_wconf 86' lang='lat' dir='ltr'><strong>quam</strong></span> <span class='ocrx_word' id='word_1_123' title='bbox 1104 2699 1223 2766; x_wconf 88' lang='lat' dir='ltr'><strong>debilia</strong></span> <span class='ocrx_word' id='word_1_124' title='bbox 1254 2699 1326 2766; x_wconf 88' lang='lat' dir='ltr'><strong>sint</strong></span> <span class='ocrx_word' id='word_1_125' title='bbox 1353 2718 1455 2784; x_wconf 88' lang='lat' dir='ltr'><strong>supra</strong></span> 
     </span>
     <span class='ocr_line' id='line_1_16' title="bbox 261 2819 1455 2903; baseline 0 -15"><span class='ocrx_word' id='word_1_126' title='bbox 261 2819 425 2902; x_wconf 84' lang='lat' dir='ltr'><strong>indicavi3</strong></span> <span class='ocrx_word' id='word_1_127' title='bbox 456 2821 565 2887; x_wconf 78' lang='lat' dir='ltr'><strong>restat</strong></span> <span class='ocrx_word' id='word_1_128' title='bbox 595 2823 635 2887; x_wconf 88' lang='lat' dir='ltr'><strong>ut</strong></span> <span class='ocrx_word' id='word_1_129' title='bbox 664 2819 732 2887; x_wconf 88' lang='lat' dir='ltr'><strong>tria</strong></span> <span class='ocrx_word' id='word_1_130' title='bbox 761 2820 804 2887; x_wconf 88' lang='lat' dir='ltr'><strong>ab</strong></span> <span class='ocrx_word' id='word_1_131' title='bbox 830 2837 871 2886; x_wconf 86' lang='lat' dir='ltr'><strong>eo</strong></span> <span class='ocrx_word' id='word_1_132' title='bbox 892 2819 1021 2903; x_wconf 82' lang='lat' dir='ltr'><strong>prolata</strong></span> <span class='ocrx_word' id='word_1_133' title='bbox 1043 2821 1143 2887; x_wconf 89' lang='lat' dir='ltr'><strong>novis</strong></span> <span class='ocrx_word' id='word_1_134' title='bbox 1164 2821 1455 2888; x_wconf 84' lang='lat' dir='ltr'><strong>observationibus</strong></span> 
     </span>
     <span class='ocr_line' id='line_1_17' title="bbox 260 2943 445 3010; baseline -0.011 0"><span class='ocrx_word' id='word_1_135' title='bbox 260 2943 445 3010; x_wconf 70' lang='lat' dir='ltr'><strong>mmemua</strong></span> 
     </span>
    </p>

    <p class='ocr_par' dir='ltr' id='par_1_4' title="bbox 256 3061 1455 4591">
     <span class='ocr_line' id='line_1_18' title="bbox 306 3061 1454 3148; baseline 0.001 -18"><span class='ocrx_word' id='word_1_136' title='bbox 306 3063 402 3131; x_wconf 86' lang='lat' dir='ltr'>Dixit</span> <span class='ocrx_word' id='word_1_137' title='bbox 423 3062 478 3130; x_wconf 90' lang='lat' dir='ltr'><strong>ille</strong></span> <span class='ocrx_word' id='word_1_138' title='bbox 500 3062 627 3130; x_wconf 89' lang='lat' dir='ltr'><strong>mirum</strong></span> <span class='ocrx_word' id='word_1_139' title='bbox 649 3081 724 3131; x_wconf 85' lang='lat' dir='ltr'><strong>esse</strong></span> <span class='ocrx_word' id='word_1_140' title='bbox 746 3061 833 3148; x_wconf 90' lang='lat' dir='ltr'><strong>qnod</strong></span> <span class='ocrx_word' id='word_1_141' title='bbox 856 3063 1011 3130; x_wconf 83' lang='lat' dir='ltr'><strong>Socrates</strong></span> <span class='ocrx_word' id='word_1_142' title='bbox 1032 3065 1074 3131; x_wconf 91' lang='lat' dir='ltr'><strong>ad</strong></span> <span class='ocrx_word' id='word_1_143' title='bbox 1098 3063 1224 3131; x_wconf 89' lang='lat' dir='ltr'><strong>iudices</strong></span> <span class='ocrx_word' id='word_1_144' title='bbox 1241 3063 1454 3148; x_wconf 88' lang='lat' dir='ltr'><strong>appellandos</strong></span> 
     </span>
     <span class='ocr_line' id='line_1_19' title="bbox 262 3179 1452 3270; baseline -0.004 -16"><span class='ocrx_word' id='word_1_145' title='bbox 262 3196 395 3270; x_wconf 81' lang='lat' dir='ltr'><strong>semper</strong></span> <span class='ocrx_word' id='word_1_146' title='bbox 413 3188 534 3253; x_wconf 86' lang='lat' dir='ltr'><strong>utatur</strong></span> <span class='ocrx_word' id='word_1_147' title='bbox 552 3179 709 3252; x_wconf 67' lang='lat' dir='ltr'><strong>termula:</strong></span> <span class='ocrx_word' id='word_1_148' title='bbox 729 3181 753 3250; x_wconf 80' lang='lat' dir='ltr'><strong>d</strong></span> <span class='ocrx_word' id='word_1_149' title='bbox 773 3182 878 3263; x_wconf 69' lang='grc' dir='ltr'><strong>ἅνδρες</strong></span> <span class='ocrx_word' id='word_1_150' title='bbox 898 3180 1093 3270; x_wconf 69' lang='grc' dir='ltr'><strong>(Ἀθηναῖοι),</strong></span> <span class='ocrx_word' id='word_1_151' title='bbox 1109 3201 1294 3269; x_wconf 81' lang='lat' dir='ltr'>numquam</span> <span class='ocrx_word' id='word_1_152' title='bbox 1309 3181 1331 3249; x_wconf 82' lang='lat' dir='ltr'><strong>d</strong></span> <span class='ocrx_word' id='word_1_153' title='bbox 1347 3182 1452 3265; x_wconf 69' lang='grc' dir='ltr'><strong>ἄνδρες</strong></span> 
     </span>
     <span class='ocr_line' id='line_1_20' title="bbox 256 3304 1454 3391; baseline 0.003 -20"><span class='ocrx_word' id='word_1_154' title='bbox 256 3304 413 3372; x_wconf 69' lang='lat' dir='ltr'><strong>amnt</strong></span> <span class='ocrx_word' id='word_1_155' title='bbox 441 3306 507 3373; x_wconf 88' lang='lat' dir='ltr'><strong>nisi</strong></span> <span class='ocrx_word' id='word_1_156' title='bbox 537 3323 606 3374; x_wconf 93' lang='lat' dir='ltr'><strong>nno</strong></span> <span class='ocrx_word' id='word_1_157' title='bbox 634 3305 705 3374; x_wconf 83' lang='lat' dir='ltr'><strong>loco</strong></span> <span class='ocrx_word' id='word_1_158' title='bbox 734 3306 848 3391; x_wconf 68' lang='lat' dir='ltr'><strong>(loll)</strong></span> <span class='ocrx_word' id='word_1_159' title='bbox 870 3306 928 3373; x_wconf 90' lang='lat' dir='ltr'><strong>ubi</strong></span> <span class='ocrx_word' id='word_1_160' title='bbox 950 3311 1028 3389; x_wconf 89' lang='lat' dir='ltr'><strong>post</strong></span> <span class='ocrx_word' id='word_1_161' title='bbox 1051 3306 1304 3374; x_wconf 85' lang='lat' dir='ltr'><strong>damnationem</strong></span> <span class='ocrx_word' id='word_1_162' title='bbox 1326 3307 1454 3375; x_wconf 86' lang='lat' dir='ltr'><strong>indices</strong></span> 
     </span>
     <span class='ocr_line' id='line_1_21' title="bbox 262 3427 1454 3513; baseline 0 -17"><span class='ocrx_word' id='word_1_163' title='bbox 262 3427 319 3513; x_wconf 87' lang='lat' dir='ltr'><strong>qui</strong></span> <span class='ocrx_word' id='word_1_164' title='bbox 347 3447 386 3496; x_wconf 87' lang='lat' dir='ltr'><strong>se</strong></span> <span class='ocrx_word' id='word_1_165' title='bbox 415 3427 621 3496; x_wconf 81' lang='lat' dir='ltr'><strong>absolverint</strong></span> <span class='ocrx_word' id='word_1_166' title='bbox 651 3428 714 3496; x_wconf 90' lang='lat' dir='ltr'><strong>hoc</strong></span> <span class='ocrx_word' id='word_1_167' title='bbox 744 3429 881 3495; x_wconf 89' lang='lat' dir='ltr'><strong>nomine</strong></span> <span class='ocrx_word' id='word_1_168' title='bbox 910 3429 1078 3510; x_wconf 89' lang='lat' dir='ltr'><strong>dignetur.</strong></span> <span class='ocrx_word' id='word_1_169' title='bbox 1109 3428 1149 3494; x_wconf 92' lang='lat' dir='ltr'><strong>in</strong></span> <span class='ocrx_word' id='word_1_170' title='bbox 1172 3445 1211 3495; x_wconf 88' lang='lat' dir='ltr'><strong>eo</strong></span> <span class='ocrx_word' id='word_1_171' title='bbox 1233 3431 1352 3495; x_wconf 90' lang='lat' dir='ltr'><strong>autom</strong></span> <span class='ocrx_word' id='word_1_172' title='bbox 1373 3429 1454 3496; x_wconf 89' lang='lat' dir='ltr'><strong>arti·</strong></span> 
     </span>
     <span class='ocr_line' id='line_1_22' title="bbox 262 3549 1454 3635; baseline -0.001 -18"><span class='ocrx_word' id='word_1_173' title='bbox 262 3551 376 3618; x_wconf 82' lang='lat' dir='ltr'><strong>Acium</strong></span> <span class='ocrx_word' id='word_1_174' title='bbox 394 3550 608 3634; x_wconf 83' lang='lat' dir='ltr'><strong>reprehendit</strong></span> <span class='ocrx_word' id='word_1_175' title='bbox 622 3549 840 3635; x_wconf 84' lang='lat' dir='ltr'><strong>inventionis,</strong></span> <span class='ocrx_word' id='word_1_176' title='bbox 855 3550 941 3632; x_wconf 85' lang='lat' dir='ltr'><strong>quod</strong></span> <span class='ocrx_word' id='word_1_177' title='bbox 956 3551 1000 3617; x_wconf 85' lang='lat' dir='ltr'><strong>ab</strong></span> <span class='ocrx_word' id='word_1_178' title='bbox 1014 3550 1164 3618; x_wconf 90' lang='lat' dir='ltr'><strong>oratione</strong></span> <span class='ocrx_word' id='word_1_179' title='bbox 1179 3549 1294 3616; x_wconf 85' lang='lat' dir='ltr'><strong>subita</strong></span> <span class='ocrx_word' id='word_1_180' title='bbox 1305 3549 1454 3617; x_wconf 82' lang='lat' dir='ltr'><strong>maxime</strong></span> 
     </span>
     <span class='ocr_line' id='line_1_23' title="bbox 261 3645 1454 3753; baseline -0.002 -13"><span class='ocrx_word' id='word_1_181' title='bbox 261 3673 448 3740; x_wconf 85' lang='lat' dir='ltr'><strong>abhorreat.</strong></span> <span class='ocrx_word' id='word_1_182' title='bbox 472 3671 642 3753; x_wconf 89' lang='lat' dir='ltr'><strong>Respondi</strong></span> <span class='ocrx_word' id='word_1_183' title='bbox 663 3670 742 3738; x_wconf 91' lang='lat' dir='ltr'><strong>olim</strong></span> <span class='ocrx_word' id='word_1_184' title='bbox 766 3689 832 3738; x_wconf 90' lang='lat' dir='ltr'><strong>non</strong></span> <span class='ocrx_word' id='word_1_185' title='bbox 857 3671 970 3738; x_wconf 87' lang='lat' dir='ltr'><strong>minus</strong></span> <span class='ocrx_word' id='word_1_186' title='bbox 985 3645 1028 3738; x_wconf 86' lang='lat' dir='ltr'><strong>¹iu</strong></span> <span class='ocrx_word' id='word_1_187' title='bbox 1047 3671 1287 3738; x_wconf 86' lang='lat' dir='ltr'><strong>Demosthenis</strong></span> <span class='ocrx_word' id='word_1_188' title='bbox 1304 3669 1454 3738; x_wconf 87' lang='lat' dir='ltr'><strong>oratione</strong></span> 
     </span>
     <span class='ocr_line' id='line_1_24' title="bbox 262 3787 1454 3875; baseline -0.005 -14"><span class='ocrx_word' id='word_1_189' title='bbox 262 3792 502 3875; x_wconf 77' lang='lat' dir='ltr'><strong>ctesiphonten</strong></span> <span class='ocrx_word' id='word_1_190' title='bbox 530 3795 698 3860; x_wconf 83' lang='lat' dir='ltr'><strong>oratorem</strong></span> <span class='ocrx_word' id='word_1_191' title='bbox 731 3792 855 3875; x_wconf 86' lang='lat' dir='ltr'>ubique</span> <span class='ocrx_word' id='word_1_192' title='bbox 889 3791 1068 3858; x_wconf 79' lang='lat' dir='ltr'><strong>formulam</strong></span> <span class='ocrx_word' id='word_1_193' title='bbox 1102 3787 1124 3856; x_wconf 80' lang='lat' dir='ltr'><strong>d</strong></span> <span class='ocrx_word' id='word_1_194' title='bbox 1157 3788 1261 3871; x_wconf 74' lang='grc' dir='ltr'><strong><em>ἄνδρες</em></strong></span> <span class='ocrx_word' id='word_1_195' title='bbox 1293 3789 1454 3867; x_wconf 69' lang='grc' dir='ltr'><strong>Ἀθηναῖοι</strong></span> 
     </span>
     <span class='ocr_line' id='line_1_25' title="bbox 261 3911 1452 4000; baseline -0.004 -17"><span class='ocrx_word' id='word_1_196' title='bbox 261 3915 427 3998; x_wconf 87' lang='lat' dir='ltr'><strong>adhibere,</strong></span> <span class='ocrx_word' id='word_1_197' title='bbox 449 3917 591 3998; x_wconf 83' lang='lat' dir='ltr'><strong>excepto</strong></span> <span class='ocrx_word' id='word_1_198' title='bbox 612 3929 682 3982; x_wconf 91' lang='lat' dir='ltr'><strong>nno</strong></span> <span class='ocrx_word' id='word_1_199' title='bbox 703 3914 774 3982; x_wconf 91' lang='lat' dir='ltr'><strong>loco</strong></span> <span class='ocrx_word' id='word_1_200' title='bbox 792 3915 825 4000; x_wconf 69' lang='lat'><strong>(5</strong></span> <span class='ocrx_word' id='word_1_201' title='bbox 847 3916 925 3993; x_wconf 87' lang='grc'>196)</span> <span class='ocrx_word' id='word_1_202' title='bbox 944 3913 1002 3980; x_wconf 90' lang='lat' dir='ltr'><strong>ubi</strong></span> <span class='ocrx_word' id='word_1_203' title='bbox 1021 3917 1139 3982; x_wconf 81' lang='lat' dir='ltr'><strong>eontra</strong></span> <span class='ocrx_word' id='word_1_204' title='bbox 1157 3917 1330 3997; x_wconf 91' lang='lat' dir='ltr'><strong>ponuntur</strong></span> <span class='ocrx_word' id='word_1_205' title='bbox 1348 3911 1452 3994; x_wconf 71' lang='lat' dir='ltr'><strong>inim</strong></span> 
     </span>
     <span class='ocr_line' id='line_1_26' title="bbox 261 4031 1454 4119; baseline 0.001 -16"><span class='ocrx_word' id='word_1_206' title='bbox 261 4035 411 4103; x_wconf 67' lang='lat' dir='ltr'><strong>druna!</strong></span> <span class='ocrx_word' id='word_1_207' title='bbox 436 4039 474 4103; x_wconf 80' lang='lat' dir='ltr'><strong>et</strong></span> <span class='ocrx_word' id='word_1_208' title='bbox 495 4035 522 4100; x_wconf 86' lang='lat' dir='ltr'><strong>ol</strong></span> <span class='ocrx_word' id='word_1_209' title='bbox 543 4033 779 4116; x_wconf 67' lang='lat' dir='ltr'><strong>repraesentate</strong></span> <span class='ocrx_word' id='word_1_210' title='bbox 802 4031 932 4114; x_wconf 65' lang='grc' dir='ltr'><strong>ἷξωθεν·</strong></span> <span class='ocrx_word' id='word_1_211' title='bbox 956 4036 1071 4119; x_wconf 82' lang='lat' dir='ltr'><strong>itaque</strong></span> <span class='ocrx_word' id='word_1_212' title='bbox 1095 4037 1156 4102; x_wconf 84' lang='lat' dir='ltr'><strong>hoo</strong></span> <span class='ocrx_word' id='word_1_213' title='bbox 1178 4035 1358 4104; x_wconf 79' lang='lat' dir='ltr'><strong>fortuitum</strong></span> <span class='ocrx_word' id='word_1_214' title='bbox 1379 4055 1454 4104; x_wconf 58' lang='lat' dir='ltr'><strong>affl</strong></span> 
     </span>
     <span class='ocr_line' id='line_1_27' title="bbox 260 4155 1455 4243; baseline -0.002 -17"><span class='ocrx_word' id='word_1_215' title='bbox 260 4176 369 4243; x_wconf 72' lang='lat' dir='ltr'><strong>poma</strong></span> <span class='ocrx_word' id='word_1_216' title='bbox 399 4158 464 4226; x_wconf 85' lang='lat' dir='ltr'><strong>Sed</strong></span> <span class='ocrx_word' id='word_1_217' title='bbox 494 4175 573 4225; x_wconf 90' lang='lat' dir='ltr'><strong>cnm</strong></span> <span class='ocrx_word' id='word_1_218' title='bbox 603 4159 639 4224; x_wconf 91' lang='lat' dir='ltr'><strong>in</strong></span> <span class='ocrx_word' id='word_1_219' title='bbox 662 4155 824 4240; x_wconf 80' lang='lat' dir='ltr'><strong>Apologia</strong></span> <span class='ocrx_word' id='word_1_220' title='bbox 846 4157 932 4224; x_wconf 86' lang='lat' dir='ltr'><strong>altor</strong></span> <span class='ocrx_word' id='word_1_221' title='bbox 954 4156 1047 4224; x_wconf 89' lang='lat' dir='ltr'><strong>locus</strong></span> <span class='ocrx_word' id='word_1_222' title='bbox 1069 4156 1169 4241; x_wconf 83' lang='lat' dir='ltr'><strong>adsit,</strong></span> <span class='ocrx_word' id='word_1_223' title='bbox 1194 4173 1262 4224; x_wconf 92' lang='lat' dir='ltr'><strong>non</strong></span> <span class='ocrx_word' id='word_1_224' title='bbox 1284 4157 1455 4224; x_wconf 85' lang='lat' dir='ltr'><strong>indicatus</strong></span> 
     </span>
     <span class='ocr_line' id='line_1_28' title="bbox 260 4273 1455 4363; baseline -0.004 -15"><span class='ocrx_word' id='word_1_225' title='bbox 260 4299 282 4348; x_wconf 91' lang='lat' dir='ltr'><strong>a</strong></span> <span class='ocrx_word' id='word_1_226' title='bbox 311 4279 484 4363; x_wconf 74' lang='lat' dir='ltr'><strong>Schanmo,</strong></span> <span class='ocrx_word' id='word_1_227' title='bbox 508 4279 669 4346; x_wconf 83' lang='lat' dir='ltr'><strong>lor&#39;mulae</strong></span> <span class='ocrx_word' id='word_1_228' title='bbox 691 4273 714 4343; x_wconf 85' lang='lat' dir='ltr'><strong>d</strong></span> <span class='ocrx_word' id='word_1_229' title='bbox 736 4275 841 4358; x_wconf 68' lang='lat' dir='ltr'><strong>daim</strong></span> <span class='ocrx_word' id='word_1_230' title='bbox 865 4276 1014 4344; x_wconf 71' lang='grc' dir='ltr'><strong>δικασταί</strong></span> <span class='ocrx_word' id='word_1_231' title='bbox 1035 4277 1215 4363; x_wconf 86' lang='lat' dir='ltr'><strong>adhibitae,</strong></span> <span class='ocrx_word' id='word_1_232' title='bbox 1238 4277 1298 4344; x_wconf 83' lang='lat' dir='ltr'><strong>nti</strong></span> <span class='ocrx_word' id='word_1_233' title='bbox 1318 4279 1455 4361; x_wconf 70' lang='lat' dir='ltr'><strong>worm</strong></span> 
     </span>
     <span class='ocr_line' id='line_1_29' title="bbox 260 4400 1454 4487; baseline -0.003 -18"><span class='ocrx_word' id='word_1_234' title='bbox 260 4403 439 4469; x_wconf 70' lang='lat' dir='ltr'><strong>induatur</strong></span> <span class='ocrx_word' id='word_1_235' title='bbox 459 4402 595 4468; x_wconf 69' lang='lat' dir='ltr'><strong>Heldua</strong></span> <span class='ocrx_word' id='word_1_236' title='bbox 616 4401 675 4486; x_wconf 82' lang='lat'><strong>(26</strong></span> <span class='ocrx_word' id='word_1_237' title='bbox 682 4400 737 4487; x_wconf 85' lang='lat' dir='ltr'><strong>D),</strong></span> <span class='ocrx_word' id='word_1_238' title='bbox 760 4400 965 4467; x_wconf 88' lang='lat' dir='ltr'><strong>meditatum</strong></span> <span class='ocrx_word' id='word_1_239' title='bbox 988 4417 1055 4467; x_wconf 96' lang='lat' dir='ltr'><strong>non</strong></span> <span class='ocrx_word' id='word_1_240' title='bbox 1078 4401 1257 4467; x_wconf 77' lang='lat' dir='ltr'><strong>fortuitum</strong></span> <span class='ocrx_word' id='word_1_241' title='bbox 1275 4415 1454 4480; x_wconf 86' lang='lat' dir='ltr'><strong>agnoscere</strong></span> 
     </span>
     <span class='ocr_line' id='line_1_30' title="bbox 260 4522 572 4591; baseline -0.01 0"><span class='ocrx_word' id='word_1_242' title='bbox 260 4523 330 4591; x_wconf 88' lang='lat' dir='ltr'><strong>iam</strong></span> <span class='ocrx_word' id='word_1_243' title='bbox 352 4540 421 4590; x_wconf 90' lang='lat' dir='ltr'><strong>non</strong></span> <span class='ocrx_word' id='word_1_244' title='bbox 442 4522 572 4590; x_wconf 86' lang='lat' dir='ltr'><strong>dubito.</strong></span> 
     </span>
    </p>

    <p class='ocr_par' dir='ltr' id='par_1_5' title="bbox 261 4641 1455 4968">
     <span class='ocr_line' id='line_1_31' title="bbox 306 4641 1453 4726; baseline -0.004 -14"><span class='ocrx_word' id='word_1_245' title='bbox 306 4645 400 4712; x_wconf 89' lang='lat' dir='ltr'><strong>Idem</strong></span> <span class='ocrx_word' id='word_1_246' title='bbox 428 4647 530 4725; x_wconf 87' lang='lat' dir='ltr'><strong>negat</strong></span> <span class='ocrx_word' id='word_1_247' title='bbox 551 4644 724 4711; x_wconf 85' lang='lat' dir='ltr'><strong>oraculum</strong></span> <span class='ocrx_word' id='word_1_248' title='bbox 747 4641 993 4726; x_wconf 83' lang='lat' dir='ltr'><strong>chaerephonti</strong></span> <span class='ocrx_word' id='word_1_249' title='bbox 1015 4641 1144 4708; x_wconf 88' lang='lat' dir='ltr'><strong>editum</strong></span> <span class='ocrx_word' id='word_1_250' title='bbox 1166 4641 1294 4708; x_wconf 83' lang='lat' dir='ltr'><strong>Socrati</strong></span> <span class='ocrx_word' id='word_1_251' title='bbox 1315 4658 1453 4708; x_wconf 84' lang='lat' dir='ltr'><strong>oausam</strong></span> 
     </span>
     <span class='ocr_line' id='line_1_32' title="bbox 261 4760 1454 4848; baseline -0.003 -16"><span class='ocrx_word' id='word_1_252' title='bbox 261 4764 376 4848; x_wconf 77' lang='lat' dir='ltr'><strong>trisse,</strong></span> <span class='ocrx_word' id='word_1_253' title='bbox 409 4781 471 4831; x_wconf 91' lang='lat' dir='ltr'><strong>cur</strong></span> <span class='ocrx_word' id='word_1_254' title='bbox 503 4765 538 4831; x_wconf 94' lang='lat' dir='ltr'><strong>in</strong></span> <span class='ocrx_word' id='word_1_255' title='bbox 573 4764 745 4847; x_wconf 87' lang='lat' dir='ltr'><strong>publicum</strong></span> <span class='ocrx_word' id='word_1_256' title='bbox 775 4763 922 4847; x_wconf 87' lang='lat' dir='ltr'><strong>prodiret</strong></span> <span class='ocrx_word' id='word_1_257' title='bbox 950 4766 988 4830; x_wconf 92' lang='lat' dir='ltr'><strong>et</strong></span> <span class='ocrx_word' id='word_1_258' title='bbox 1016 4760 1222 4844; x_wconf 88' lang='lat' dir='ltr'><strong>singulorum</strong></span> <span class='ocrx_word' id='word_1_259' title='bbox 1252 4761 1454 4844; x_wconf 87' lang='lat' dir='ltr'><strong>sapientiam</strong></span> 
     </span>
     <span class='ocr_line' id='line_1_33' title="bbox 261 4881 1455 4968; baseline -0.003 -16"><span class='ocrx_word' id='word_1_260' title='bbox 261 4884 461 4968; x_wconf 86' lang='lat' dir='ltr'><strong>experiendo</strong></span> <span class='ocrx_word' id='word_1_261' title='bbox 490 4900 590 4952; x_wconf 88' lang='lat' dir='ltr'><strong>snam</strong></span> <span class='ocrx_word' id='word_1_262' title='bbox 620 4883 831 4966; x_wconf 87' lang='lat' dir='ltr'><strong>nobilitaret;</strong></span> <span class='ocrx_word' id='word_1_263' title='bbox 859 4901 939 4951; x_wconf 91' lang='lat' dir='ltr'><strong>nam</strong></span> <span class='ocrx_word' id='word_1_264' title='bbox 963 4885 1046 4951; x_wconf 85' lang='lat' dir='ltr'><strong>nota</strong></span> <span class='ocrx_word' id='word_1_265' title='bbox 1067 4883 1141 4950; x_wconf 89' lang='lat' dir='ltr'><strong>eius</strong></span> <span class='ocrx_word' id='word_1_266' title='bbox 1164 4883 1331 4966; x_wconf 85' lang='lat' dir='ltr'><strong>sapientie</strong></span> <span class='ocrx_word' id='word_1_267' title='bbox 1352 4881 1455 4949; x_wconf 85' lang='lat' dir='ltr'><strong>luerit</strong></span> 
     </span>
    </p>
   </div>
   <div class='ocr_carea' id='block_1_3' title="bbox 0 0 2040 6134">
    <p class='ocr_par' dir='ltr' id='par_1_6' title="bbox 0 0 2040 6134">
     <span class='ocr_line' id='line_1_34' title="bbox 0 0 2040 6134; baseline 0 0"><span class='ocrx_word' id='word_1_268' title='bbox 0 0 2040 6134; x_wconf 95' lang='lat' dir='ltr'><strong> </strong></span> 
     </span>
    </p>
   </div>
  </div>
 </body>
</html>
