3848 6006
929 863 994 938 178

428 1057 449 1124 5
495 1054 642 1139 {eluxere
665 1054 784 1132 lineare
807 1077 915 1136 μοιραν
940 1053 1095 1125 lvrcvrcuc

494 1181 533 1260 ly
556 1179 673 1258 lsvlpov
696 1174 878 1266 προπεσψ]
902 1173 1069 1256 rosulum
1092 1173 1224 1257 δξιραγη

495 1326 547 1367 aar
572 1307 716 1381 κεφαλκν
736 1297 813 1378 lake
835 1320 950 1377 carpos
973 1312 1106 1370 sessove
1130 1295 1283 1370 ἑνιδονσις

495 1423 630 1502 &lauros
655 1421 846 1502 olxvpopovov
869 1415 1093 1506 [ψυ]χολιπικ
1118 1441 1228 1484 sorices

494 1545 525 1618 lc
549 1546 664 1611 warlus
689 1564 813 1609 saner
837 1543 979 1620 ἥγησατο
1002 1564 1052 1605 νυν
1075 1538 1102 1605 δ’
1126 1540 1184 1606 ὕπο
1207 1563 1284 1622 yae!

407 1669 450 1735 10
495 1688 596 1732 narrar
621 1665 678 1731 ὑπο
701 1662 820 1741 reclini
844 1685 941 1743 roem
965 1678 1062 1729 λιπων
1086 1660 1205 1741 laurea

496 1788 571 1854 ἀλλ’
596 1786 621 1852 el
645 1810 689 1864 μη
712 1785 795 1866 Repu
820 1807 913 1867 xum
935 1795 1073 1852 nioman
1096 1784 1181 1851 εἷπον
1204 1784 1302 1852 lisa.

398 1958 413 2007 8
436 1954 620 2022 [inhumare
645 1953 679 2005 riu
703 1953 819 2005 luuram
843 1953 988 2021 explendam
1013 1969 1065 2004 ecre
1090 1959 1159 2021 pute,
1184 1958 1279 2020 purtem
1303 1953 1401 2005 litters·
1426 1952 1448 2016 ψ
1473 1954 1561 2006 videre

359 2053 421 2106 mihi
439 2054 530 2107 virlecr.

406 2277 457 2345 Ne
492 2274 637 2344 nimium
670 2275 835 2358 irascaris,
870 2275 923 2342 vir
955 2273 1153 2356 clarissime,
1188 2276 1308 2358 poetae
1341 2275 1560 2360 balbutienti,

361 2416 448 2467 neve
472 2414 526 2464 me
548 2391 800 2474 archusologum
823 2395 1000 2476 tantopere
1022 2410 1044 2459 a
1064 2392 1216 2459 moribus
1234 2392 1423 2477 studiisque
1440 2395 1558 2478 avitis,

360 2536 447 2605 quae
479 2535 516 2585 se
547 2515 661 2597 magni
692 2513 810 2582 iecisse
840 2513 926 2581 satis
955 2512 1063 2580 Flavii
1093 2513 1231 2596 losephi
1259 2514 1368 2582 editor
1396 2516 1560 2594 ostendit,

361 2640 589 2710 abalienatum
627 2640 729 2720 putes
762 2640 803 2702 ut
837 2634 1001 2719 ejusmodi
1035 2634 1264 2703 Graecitatem
1298 2640 1401 2720 atque
1439 2638 1560 2721 poesin

362 2762 517 2829 admirer.
541 2760 680 2828 Minime
703 2759 794 2826 enim
818 2758 879 2825 hos
902 2775 1023 2826 versus
1042 2758 1105 2826 tibi
1124 2758 1288 2841 exscripsi
1307 2763 1348 2827 ut
1359 2760 1560 2829 thesaurum

363 2901 501 2968 poeseos
519 2881 665 2950 Graecae
679 2897 815 2962 gemma
825 2877 974 2962 pretiosa
984 2894 1152 2960 augerem.
1165 2878 1281 2963 Neque
1291 2879 1375 2947 milri
1386 2881 1560 2949 huminem

363 3004 530 3073 Graecum
562 3002 693 3071 saeculo
724 3002 834 3086 primo
864 3018 896 3083 p.
929 3000 966 3068 c.
998 3003 1119 3068 netum
1150 3000 1186 3068 in
1212 3002 1453 3083 grammaticae
1476 3019 1562 3071 suas

362 3129 399 3194 et
432 3126 481 3194 rei
515 3124 676 3193 metricae
709 3122 801 3204 leges
834 3125 1030 3206 peccantem
1062 3125 1144 3189 unte
1174 3123 1287 3191 oculos
1318 3124 1381 3191 tibi
1403 3123 1563 3193 collocare

362 3247 536 3332 proposui;
561 3264 629 3313 uon
652 3245 744 3314 enim
768 3261 883 3312 meum
905 3259 980 3311 esse
1002 3247 1086 3326 pute
1105 3244 1146 3311 de
1164 3245 1329 3328 ejusmodi
1347 3245 1443 3313 vitiis
1462 3245 1563 3314 docte

362 3373 399 3438 ei
428 3372 507 3452 apte
530 3369 713 3451 disputare,
737 3367 842 3434 immo
864 3365 1007 3432 libenter
1028 3366 1189 3433 confltsor
1210 3383 1265 3434 me
1287 3366 1368 3434 locis
1389 3367 1562 3436 nonnullis

362 3491 535 3574 paululum
571 3489 720 3556 haesisse
755 3504 862 3570 neque
892 3502 1024 3570 semper
1054 3486 1176 3554 statim
1204 3487 1365 3556 habuisse
1394 3489 1563 3571 quomodo

362 3612 500 3680 lacunas
523 3612 559 3678 in
583 3611 673 3677 hisce
696 3609 870 3677 versiculis
892 3608 1010 3676 obvias
1033 3606 1212 3691 explerem.

411 3734 554 3802 Carmen
586 3738 741 3800 nostrum
764 3729 947 3814 sepulcrale
969 3726 1092 3811 legitur
1113 3729 1149 3796 in
1172 3729 1277 3800 lutere
1298 3747 1418 3799 averso
1439 3731 1563 3815 lapidis

366 3856 476 3924 musei
506 3856 615 3923 nostri
648 3853 882 3936 Lugdunensis
912 3869 1002 3919 anno
1028 3852 1115 3919 1893
1137 3868 1181 3919 ex
1203 3852 1289 3919 Asia
1311 3852 1478 3936 acquisiti,
1502 3854 1564 3938 qui

365 3979 400 4045 in
437 3978 548 4044 fronte
578 3976 666 4057 gerit
695 3974 924 4058 anaglyphum
952 3972 1064 4040 virum
1087 3979 1189 4057 eique
1212 3974 1373 4042 feminam
1404 3974 1564 4056 lugentes

366 4116 445 4167 cum
475 4098 583 4165 servis
614 4094 784 4164 nonnullis
809 4094 982 4162 exhibens.
1015 4093 1124 4177 Supra
1146 4111 1261 4162 eorum
1284 4094 1398 4179 capita
1419 4100 1456 4164 ei
1478 4096 1565 4165 uliae

367 4220 554 4302 insculptae
593 4221 677 4286 sunt
719 4217 846 4300 figurae
879 4219 915 4283 et
950 4216 1036 4283 duae
1070 4232 1212 4282 coronae
1245 4233 1390 4299 querum
1423 4234 1492 4285 una
1526 4218 1564 4285 in

365 4343 509 4410 circuitu
531 4340 634 4408 habet
652 4357 769 4406 vocem
788 4360 890 4418 χαιρε.
914 4336 1093 4420 Inscriptio
1111 4341 1229 4404 autem
1249 4341 1368 4404 nostra
1386 4338 1423 4404 in
1442 4355 1565 4408 aversa

366 4467 462 4548 parte
491 4462 611 4548 lapidis
638 4459 770 4529 saeculo
792 4461 861 4527 fere
884 4462 991 4542 primo
1015 4462 1092 4540 post
1115 4458 1290 4526 Christum
1312 4463 1434 4526 natum
1456 4459 1566 4530 incisa

366 4604 440 4654 esse
470 4588 616 4668 videtur,
641 4582 870 4666 anaglyphum
893 4585 1011 4648 contra
1034 4581 1124 4648 haud
1147 4581 1246 4647 dubie
1268 4580 1377 4648 multe
1401 4584 1456 4649 est
1477 4583 1567 4650 anti-

366 4708 476 4791 quius.
500 4708 664 4774 Parentes
690 4706 793 4786 igitur
816 4703 931 4770 miseri
954 4703 1042 4770 illius
1067 4703 1170 4785 pueri,
1196 4705 1254 4787 qui
1277 4703 1434 4770 undecim
1457 4720 1567 4772 annos

367 4833 470 4896 natus
505 4847 548 4895 ex
582 4829 698 4896 arbore
733 4828 891 4910 delapsus
920 4826 1049 4894 cervice
1080 4826 1188 4893 fracta
1218 4829 1375 4894 mortuus
1405 4829 1471 4904 est,
1506 4844 1568 4910 pro
