3848 6006
924 788 991 856 426

409 965 516 1035 Grata
553 970 764 1052 neglegentia
795 974 938 1056 scriptor
969 991 1023 1041 res
1054 990 1174 1055 genere
1204 973 1455 1041 diversissimas
1484 989 1556 1056 per·

366 1087 475 1156 mixte
507 1094 684 1159 enumerat
718 1093 891 1162 nimirum.
930 1095 1143 1179 Quamquam
1173 1095 1262 1162 inter
1293 1094 1491 1162 suffimenta
1520 1096 1558 1160 et

362 1210 521 1292 cupediae
544 1229 627 1279 num
651 1213 740 1280 ullus
761 1214 854 1282 locus
877 1218 932 1282 est
952 1217 1095 1283 scortis?
1118 1235 1202 1284 num
1224 1215 1310 1283 forte
1333 1217 1401 1282 ista
1424 1232 1558 1299 quoque

362 1334 403 1398 tlt
425 1332 551 1416 reliqua
575 1335 712 1423 „varia”
736 1335 978 1417 (narratarum
1004 1337 1055 1404 En
1078 1339 1136 1405 ded
1158 1341 1243 1405 mois
1265 1338 1339 1406 bien
1361 1337 1494 1405 1111161
1516 1337 1558 1404 de

361 1472 397 1520 ae
418 1456 555 1522 trouver
576 1456 747 1536 ensembtc,
769 1460 810 1524 ut
832 1457 938 1541 lepide
961 1463 1063 1541 poeta
1084 1459 1241 1528 Gallicus.
1267 1458 1476 1527 Vocabulum
1500 1475 1556 1526 au·

362 1578 434 1642 tem
456 1577 543 1659 quod
566 1579 620 1644 est
643 1577 762 1657 ἑταῖραι
786 1597 808 1646 1
830 1583 995 1648 contextu
1017 1582 1193 1649 abhorrere
1215 1583 1251 1648 et
1274 1579 1330 1647 alii
1348 1579 1557 1648 animadver-

362 1700 478 1765 terunt
500 1701 536 1766 et
558 1698 598 1767 G.
618 1700 675 1767 W.
697 1701 901 1787 Nitzschius,
924 1719 1044 1771 verum
1062 1703 1149 1787 quod
1168 1703 1275 1785 legere
1294 1703 1467 1785 proposuit
1485 1701 1557 1769 ille:

362 1821 482 1906 ἅόῆραι,
516 1821 549 1888 id
584 1823 712 1890 nemini
745 1823 841 1892 111111
869 1841 950 1892 eum
979 1826 1187 1909 persuasisse
1217 1828 1310 1908 puto.
1347 1824 1428 1907 Quis
1463 1823 1558 1890 enim

362 1943 509 2012 Athenis
539 1947 643 2013 natus
665 1963 725 2029 pro
748 1944 843 2026 111111
868 1947 1000 2015 dicebat
1022 1947 1145 2028 ilipa?
1169 1947 1311 2015 Accedit
1332 1947 1420 2029 quod
1444 1945 1559 2028 pultes

362 2066 526 2148 pristinae
548 2065 595 2133 illi
617 2068 710 2135 vitae
733 2068 944 2151 simplicitati
966 2071 1009 2136 ab
1032 2085 1094 2136 esu
1115 2069 1268 2136 carnium
1290 2067 1419 2135 alienae
1441 2067 1558 2149 potius

362 2187 417 2267 (11.
441 2207 472 2271 p.
498 2189 579 2272 372)
602 2207 704 2273 quam
726 2190 887 2271 τρυφώσης
913 2190 1032 2262 πόλεως
1050 2192 1203 2259 luxuriae
1221 2190 1441 2259 conveniunt.
1465 2190 1558 2271 Quae

362 2309 392 2377 si
417 2312 507 2377 recte
530 2310 704 2393 disputata
727 2318 818 2398 sunt,
842 2329 904 2394 age
926 2313 1035 2380 denuo
1057 2313 1255 2394 indagemus
1277 2312 1356 2396 quid
1378 2311 1558 2378 Platonem

362 2431 494 2500 dedisse
515 2437 780 2502 consentaneum
803 2435 860 2502 sit.

409 2552 568 2622 Civitatis
587 2556 822 2643 conditoribus,
843 2557 927 2624 viris
946 2556 1097 2641 antiquis
1115 2555 1329 2624 admirandae
1341 2554 1558 2636 frugalitatis,

362 2677 606 2760 1111111σί11111
631 2680 824 2745 nostrorum
846 2678 957 2745 instar
976 2678 1174 2760 degentibus
1193 2682 1409 2761 opponuntur
1431 2678 1560 2759 posteri

362 2796 454 2865 laute
477 2797 644 2881 viventes,
676 2799 758 2866 nihil
783 2800 861 2867 boni
884 2800 948 2867 sibi
970 2801 1187 2882 denegantes,
1209 2800 1333 2883 quibus
1356 2799 1425 2867 iam
1448 2800 1561 2866 multa

362 2919 428 2987 alia
457 2937 542 3002 opus
571 2923 669 2988 erant
700 2922 840 2990 minime
870 2923 1074 2990 necessaria:
1108 2938 1292 3004 coquorum
1323 2922 1559 3005 pistorumque

363 3041 531 3125 imprimis
562 3042 776 3125 indigebant:
807 3040 853 3108 ἔτι
878 3041 909 3109 δὲ
933 3042 986 3108 καὶ
1011 3044 1157 3121 συβωτῶν
1182 3042 1441 3124 προσδεησόμεθα.
1466 3046 1559 3107 τοῦτο

363 3162 428 3243 γὰρ
460 3163 533 3241 ἡμῖν
566 3164 596 3229 ἐν
627 3173 667 3247 τῇ
698 3163 830 3248 προτέρᾳ
863 3163 952 3230 πόλει
985 3166 1039 3231 οὐκ
1072 3166 1148 3241 όνῆν.
1172 3165 1231 3231 ἔδει
1254 3165 1318 3246 γὰρ
1343 3163 1443 3230 οὐδέν·
1469 3165 1498 3230 ἒν
1525 3164 1558 3232 δὲ

363 3285 464 3369 ταύτῃ
495 3285 548 3351 καὶ
578 3286 687 3352 τούτου
718 3287 906 3366 προσδεήσει.
939 3287 1039 3364 daim
1063 3287 1095 3354 di
1119 3287 1172 3353 καὶ
1197 3294 1255 3353 τῶν
1279 3286 1384 3353 ἄλλων
1408 3287 1559 3364 licern-

362 3406 501 3485 μόπννν
532 3411 740 3489 παμπόλλων,
772 3407 803 3475 si
822 3433 870 3481 τις
896 3410 980 3476 αὐτὰ
1005 3408 1158 3477 ἔδεται.
1181 3412 1313 3478 Horum
1334 3412 1377 3478 ad
1399 3412 1560 3480 convivia

363 3549 441 3599 oum
472 3532 562 3600 nullo
594 3533 691 3600 modo
722 3534 838 3600 deesse
868 3535 984 3616 posset
1014 3532 1121 3598 πιόνων
1145 3530 1256 3612 ἱερεόων
1279 3531 1423 3614 σἰφόονόα,
1446 3532 1560 3616 qualia

363 3656 625 3737 Xenophontem
650 3674 683 3722 v.
696 3674 724 3722 c.
749 3655 853 3722 semel
876 3659 980 3738 atque
1002 3656 1127 3722 iterum
1146 3655 1244 3738 idque
1262 3656 1370 3737 primo
1388 3655 1459 3722 loco
1478 3671 1561 3721 enu-

362 3794 492 3845 merare
527 3778 667 3845 memini
698 3778 790 3845 inter
821 3777 928 3842 adora
961 3776 1005 3841 roi
1038 3776 1197 3853 ἐπιτήδεια
1231 3771 1290 3841 ὅσα
1321 3774 1403 3840 ἐστὶν
1434 3775 1557 3859 brudei,

363 3899 526 3984 equidem,
551 3900 581 3965 si
603 3916 662 3983 per
680 3903 715 3966 te
733 3900 820 3984 licet,
843 3917 967 3982 pravas
985 3901 1071 3966 istas
1090 3899 1313 3982 mulierculas,
1334 3916 1402 3967 111
1421 3899 1559 3982 quidem

363 4023 578 4105 promeritis
601 4022 637 4089 in
661 4037 749 4105 sues,
773 4021 890 4088 sedin
913 4021 1045 4102 ὶεριῑα
1069 4022 1286 4089 mutaverim.

407 4221 517 4288 Macte
540 4224 615 4288 esto
637 4221 783 4287 virtute:
808 4220 861 4287 111
885 4219 995 4287 valere
1019 4236 1137 4301 pergas
1156 4222 1198 4285 ut
1217 4217 1321 4296 vales,
1341 4220 1559 4287 aestumatis-

363 4347 449 4412 sime
478 4345 607 4411 Naberl
639 4343 731 4426 Quod
763 4343 792 4409 si
824 4342 862 4407 D.
877 4343 913 4408 O.
927 4342 970 4408 ll.
1001 4345 1153 4407 mentem
1185 4345 1257 4407 tam
1281 4358 1400 4407 sanam
1424 4341 1460 4407 in
1485 4344 1560 4408 tam

363 4485 446 4533 sano
476 4483 610 4548 corpore
640 4466 702 4531 tibi
733 4465 954 4546 conservabit,
979 4479 1102 4544 magna
1124 4480 1179 4529 me
1202 4479 1280 4545 spes
1304 4466 1400 4529 tenet
1423 4464 1494 4530 1111
1518 4468 1560 4530 11

362 4591 440 4671 post
461 4591 530 4654 tres
548 4592 736 4670 quatuorve
758 4604 865 4653 annos
888 4585 992 4651 hilare
1016 4586 1112 4651 nobis
1135 4589 1248 4652 tecum
1273 4586 1438 4652 celebrare
1458 4586 1559 4652 liceat

363 4713 591 4779 Msnuosrnns
615 4716 694 4777 tuae
718 4711 875 4777 natalicia
899 4709 1119 4789 sexagesima.
