3848 6006
927 806 991 874 152

363 993 578 1075 poscebatur;
611 989 653 1056 iis
682 991 799 1057 autem
829 989 887 1072 qui
916 989 1053 1056 nucleos
1082 987 1200 1071 pineos
1230 987 1437 1054 invehebant
1467 1003 1565 1054 unus

363 1115 500 1179 tantum
534 1110 690 1178 denarius
724 1111 905 1178 solvendus
935 1113 1018 1187 erat,
1049 1109 1186 1177 etiamsi
1217 1111 1331 1175 totum
1361 1125 1449 1177 onus
1481 1107 1565 1195 (‚,de

362 1233 477 1315 gehele
499 1231 634 1316 partij”)
658 1231 809 1315 pluribus
831 1230 941 1310 γάμοις
965 1231 1176 1298 consisteret.

408 1355 558 1422 Concedo
600 1354 787 1421 versionem
820 1359 1023 1421 aramaicam
1059 1352 1251 1420 Schroederi
1285 1350 1565 1434 interpretationi

364 1478 471 1557 magis
504 1477 618 1543 favere
651 1493 754 1558 quam
789 1493 900 1560 meae;
935 1474 1183 1542 observandum
1217 1478 1332 1541 tamen
1367 1473 1566 1541 versionem

361 1599 462 1683 illam,
495 1602 535 1665 ut
564 1598 637 1680 ipae
667 1615 727 1664 nos
758 1597 855 1664 docet
884 1596 1065 1664 Sohroeder
1095 1601 1139 1676 (o.
1169 1594 1191 1660 l.
1214 1613 1246 1678 p.
1271 1595 1338 1662 420
1357 1596 1432 1679 so),
1456 1595 1565 1663 verta

362 1737 481 1801 graeca
502 1718 668 1787 serviliter
687 1718 821 1786 reddero
840 1735 902 1784 noc
921 1718 1016 1785 vitiis
1031 1734 1153 1785 carere.
1173 1717 1364 1785 Verisimile
1382 1719 1438 1784 eet
1449 1733 1566 1800 neque

362 1844 583 1925 interpretem
613 1846 821 1907 aramaicum
843 1857 952 1922 neque
976 1839 1200 1906 Anastasium
1223 1854 1332 1922 neque
1353 1837 1565 1923 symeonem

363 1963 615 2045 Motaphrasten
638 1962 837 2030 vocabulum
860 1961 908 2028 rei
928 1961 1146 2029 mercatoriae
1163 1959 1336 2044 proprium
1356 1960 1443 2027 satia
1462 1959 1564 2028 intel·

362 2087 501 2162 lexiss03
527 2085 729 2153 contendere
751 2084 828 2152 nolo
852 2101 906 2151 me
925 2100 1043 2151 omnes
1058 2083 1276 2151 difficultates
1295 2083 1447 2168 solvisse,
1461 2101 1564 2167 spero

362 2213 478 2276 tamen
502 2227 557 2276 me
579 2209 715 2291 propius
736 2207 778 2275 ad
802 2212 930 2275 rectam
953 2207 1179 2289 cognitionem
1203 2206 1298 2274 verbi
1319 2206 1513 2274 accessisse.

407 2330 446 2396 In
477 2329 602 2411 linguis
629 2328 807 2396 neolatinis
829 2345 914 2395 usus
938 2326 1175 2395 vocabulorum
1197 2345 1285 2410 quae
1306 2346 1329 2395 a
1350 2328 1454 2396 verbo
1475 2328 1563 2396 eicco

362 2450 525 2532 originem
561 2451 703 2518 trahunt
737 2451 806 2518 fero
839 2450 928 2516 idem
963 2453 1027 2516 est.
1062 2449 1225 2531 Exempla
1254 2450 1367 2517 adfero
1396 2448 1563 2532 elingua

361 2573 487 2640 Gallica
517 2590 566 2639 cc
598 2573 656 2639 vic
687 2590 739 2638 sec
754 2569 778 2657 ¹)
810 2571 943 2656 (vinum
967 2588 1087 2654 parum
1109 2570 1304 2656 succulum),
1328 2589 1379 2637 rm
1401 2589 1485 2638 mur
1507 2590 1563 2639 occ

362 2693 495 2778 (murus
525 2694 598 2760 sine
630 2693 788 2760 mortario
819 2693 1041 2777 aedificatus),
1068 2710 1135 2759 une
1152 2695 1245 2777 perte
1266 2690 1358 2759 sicto
1380 2691 1560 2772 (damnum

362 2815 450 2897 quod
486 2815 577 2882 nulla
610 2832 646 2881 re
680 2816 943 2900 compensatur),
978 2815 1018 2882 dc
1049 2814 1192 2898 torpent
1219 2833 1270 2881 acc
1294 2814 1449 2900 (pecunia
1471 2833 1561 2899 quae

362 2937 453 3005 nullo
484 2937 655 3020 dispendio
690 2937 813 3020 percipi
847 2940 985 3019 potest),
1012 2938 1159 3021 pecunia
1180 2938 1268 3004 sicco
1291 2936 1488 3025 (Boranga),
1516 2938 1559 3005 cf.

361 3059 502 3140 Anglice
532 3059 598 3142 drp
629 3077 756 3142 money,
789 3058 865 3142 pald
897 3059 933 3124 in
964 3058 1047 3125 hard
1077 3058 1158 3125 cash
1188 3056 1366 3144 (Murray);
1394 3057 1484 3126 toirc
1507 3077 1562 3126 aec

362 3181 505 3264 (proprio
539 3198 644 3248 sensu
680 3197 813 3247 morum
847 3180 967 3264 tibere,
998 3179 1058 3248 sed
1087 3179 1184 3247 hodie
1213 3180 1352 3263 potare).
1376 3179 1560 3261 Portogalli

361 3319 445 3369 omo
467 3319 587 3369 orooro
608 3319 699 3368 acccc
722 3301 850 3369 malum
877 3303 950 3369 sine
974 3303 1070 3379 volis,
1094 3319 1177 3369 uma
1199 3302 1332 3370 tatclto
1352 3320 1444 3370 ccccc
1467 3320 1558 3387 proe-

360 3423 445 3489 lium
467 3423 567 3488 inane
591 3426 724 3489 vocant.
749 3422 826 3489 Alia
848 3423 959 3491 multa
980 3424 1016 3489 in
1039 3424 1155 3490 lexicis
1178 3423 1315 3506 reperiri
1336 3426 1491 3506 possunt.

406 3544 569 3627 Superest
602 3547 643 3610 ut
669 3560 768 3625 agam
800 3544 841 3611 de
872 3545 1042 3613 nonnullis
1072 3545 1267 3628 compositis
1297 3546 1489 3626 noogmecis
1519 3547 1556 3614 in

360 3666 482 3749 quibus
522 3663 608 3745 ξηρός
650 3669 855 3748 potestatem
891 3667 994 3734 habet
1027 3669 1238 3751 peculiarem,
1274 3685 1416 3752 eamque
1449 3669 1556 3737 solnm

361 3804 447 3869 quae
481 3787 524 3853 ab
553 3805 619 3854 usu
650 3787 853 3870 scriptorum
884 3789 1086 3872 antiquioris
1115 3791 1240 3857 aetatis
1269 3790 1379 3858 aliena
1408 3790 1557 3858 videtur.

360 3909 439 3991 Ipsa
461 3909 568 3976 forma
590 3909 827 3976 vocabulorum
851 3909 981 3978 illorum
1005 3911 1164 3978 seriorem
1183 3911 1402 3993 graecitatem
1421 3912 1558 3980 demon·

360 4033 459 4113 strat,
482 4047 563 4096 nam
586 4030 741 4113 pleraque
763 4030 872 4111 legem
894 4048 980 4114 quae
1003 4031 1141 4099 nomine
1163 4032 1320 4115 scaligeri
1339 4036 1558 4117 nuncupatur

360 4149 507 4217 violant:
546 4148 804 4231 ξερογλείφομαι,
836 4150 1076 4231 ξεροκαταπίνω,
1112 4152 1336 4232 &operculum
1371 4152 1556 4235 ξεροκεντία,

360 4268 594 4354 ξεροκοκκὶνίζω,
627 4270 816 4353 ξερομκσσῶ,
848 4273 1165 4356 ξεροσφουγγίζομαι,
1196 4271 1446 4360 ξεροτανύζομαι,
1474 4274 1558 4357 ξιμο-

360 4394 570 4476 χαμνίζομαι,
594 4394 857 4478 ξεροχτενίζομαι.
890 4398 1105 4465 Postremum
1133 4399 1276 4466 verbum
1298 4402 1408 4466 totam
1432 4401 1557 4468 seriem

395 4674 419 4736 1)
437 4673 481 4723 Est
495 4673 578 4723 vinum
594 4674 619 4723 in
635 4673 754 4739 Hispania
768 4672 900 4741 praecipuo
914 4675 1051 4724 confectum
1066 4691 1094 4724 cx
1110 4674 1268 4740 urir,qnibur
1277 4674 1349 4725 ardor
1356 4673 1415 4726 solis
1423 4675 1556 4729 dimidium

361 4758 410 4806 iere
428 4755 493 4806 succi
511 4756 623 4808 obstulit.
