3848 6006
911 798 978 870 140

359 988 413 1052 tes
435 987 471 1050 et
488 983 667 1053 liberaliter
676 990 713 1052 et-
724 986 919 1069 scurriliter,
931 986 1148 1066 altermntm,
1158 989 1362 1072 pugnantes,
1374 985 1568 1054 redeuntes

359 1106 395 1172 in
424 1107 569 1188 gratiam
598 1125 661 1175 neo
688 1109 763 1174 sine
792 1109 942 1176 lacrimis
969 1113 1147 1178 aeternam
1175 1109 1253 1188 (beu
1274 1111 1392 1176 omum
1415 1109 1567 1190 tonores

360 1229 518 1305 mereo
539 1229 693 1295 iurantes
712 1230 911 1307 amicitiam,
933 1231 1039 1299 donec
1059 1231 1202 1298 tandem
1221 1230 1332 1313 epotis
1350 1228 1482 1310 lagenis
1500 1227 1566 1296 lux

360 1350 532 1417 matutina
549 1351 779 1418 somnolentos
796 1352 989 1420 cubiculum
1007 1369 1110 1419 suum
1128 1368 1297 1436 quemque
1310 1354 1474 1434 repetere,
1487 1367 1565 1418 rem

360 1486 461 1552 saepe
482 1469 721 1555 difficillimam,
743 1477 888 1553 eogeret

406 1591 573 1673 Quorsum
596 1609 676 1659 vero
696 1593 779 1660 baeu
799 1596 926 1672 omnia,
943 1612 1031 1678 quae
1048 1595 1222 1662 iuniorum
1241 1611 1342 1662 nemo
1360 1595 1431 1662 iam
1447 1596 1564 1679 ourat,

361 1714 477 1795 tuque,
501 1712 549 1778 mi
572 1712 711 1791 Nabare,
735 1713 788 1781 rel
813 1717 936 1784 melius
957 1733 1013 1784 me
1035 1717 1108 1800 ipse
1131 1717 1248 1785 nosti?

405 1831 516 1900 &usa
533 1851 593 1901 our
611 1835 646 1901 in
665 1838 863 1905 memoriam
880 1837 964 1906 haee
981 1839 1046 1906 tibi
1068 1854 1237 1914 roronem.
1260 1837 1293 1905 si
1314 1837 1412 1915 alios,
1434 1839 1471 1903 te
1497 1837 1564 1904 sal·

361 1956 432 2020 tem
454 1971 519 2020 non
537 1953 632 2021 latet-
652 1956 723 2038 Quo
742 1962 893 2040 tempora
908 1976 972 2041 ego
989 1959 1262 2028 adoteeoentulus
1280 1960 1318 2027 in
1336 1957 1564 2027 utilissimam

360 2091 464 2155 quam
489 2074 649 2159 descripsi
671 2078 869 2147 seuientem
890 2080 1064 2148 admissus
1084 2099 1174 2164 snm,
1202 2081 1362 2165 quamvis
1387 2080 1560 2148 democra-

361 2196 457 2277 tioae,
488 2203 664 2280 praeerant
686 2200 718 2265 ei
740 2203 813 2267 tres
835 2202 912 2278 viri,
933 2221 1019 2287 qnos
1040 2204 1190 2272 iuniores
1210 2204 1351 2272 heroum
1380 2203 1425 2271 ad
1446 2203 1564 2271 instar

361 2317 637 2401 suspiciebamus,
669 2319 930 2405 admirabamur,
964 2324 1180 2409 amabamus,
1214 2341 1367 2408 quosque
1401 2324 1564 2409 exempla

361 2437 454 2505 vitae
472 2439 727 2524 studiorumque
746 2445 1016 2525 proponebamus
1034 2446 1206 2513 nobismet
1223 2445 1318 2528 ipsis,
1338 2445 1378 2511 n
1397 2446 1429 2512 J.
1447 2444 1561 2530 Kiehl,

362 2558 397 2626 S.
427 2560 471 2627 A.
503 2557 624 2637 Nabar,
655 2563 693 2628 ll.
725 2564 860 2641 liebler,
895 2567 1031 2650 patroni
1063 2567 1234 2634 minorum
1265 2567 1446 2650 principio,
1476 2585 1563 2635 mox

362 2681 473 2750 amici.

408 2803 477 2871 Illis
506 2805 634 2889 pridem
663 2807 777 2890 iniquo
807 2807 879 2876 tato
906 2810 1077 2879 dettmotis
1106 2814 1148 2879 tn
1175 2812 1269 2880 solus
1291 2814 1467 2894 superstes
1488 2810 1562 2878 iam

361 2943 492 2994 annum
522 2928 596 3011 agis
624 2931 867 3011 octogesimum
899 2933 949 2999 ita
975 2949 1113 3016 eorpore
1134 2934 1316 3017 animoque
1338 2936 1495 3015 vegetus,
1520 2936 1563 3001 ut

363 3064 441 3131 apes
462 3048 527 3130 sit,
551 3048 676 3117 multoe
697 3051 802 3119 etiam
823 3070 933 3121 annos
951 3053 1148 3123 additurum
1165 3072 1241 3123 osse
1258 3055 1370 3123 Deum
1387 3054 1561 3137 optimum

363 3169 553 3237 marimum
583 3169 698 3254 plenos
728 3172 874 3241 ubuum
903 3176 1166 3260 cogitationum,
1189 3177 1315 3261 quibus
1336 3177 1432 3244 torax
1456 3179 1561 3244 tuum

363 3291 535 3374 ingenium
557 3292 758 3376 locupletare
779 3295 865 3362 solet
887 3313 959 3363 rem
983 3298 1149 3380 publioam
1171 3297 1385 3366 litterariam

408 3413 618 3497 Quamquam
640 3414 747 3481 boeto
763 3432 898 3499 eorporo
915 3421 953 3484 et
970 3417 1070 3485 debili
1088 3436 1150 3501 ego
1161 3437 1252 3486 unus
1263 3418 1561 3503 paucissimorum,

362 3537 420 3621 qui
452 3534 558 3605 telleia
586 3536 641 3603 illa
663 3541 815 3620 tempora
836 3539 1007 3622 viderunt,
1031 3540 1123 3606 nolui
1146 3558 1270 3608 nomen
1294 3556 1410 3607 meum
1433 3540 1562 3608 deside

363 3658 429 3725 rari
448 3659 484 3725 in
503 3675 643 3727 numero
663 3675 784 3740 magno
800 3658 1039 3743 philologornm
1051 3661 1178 3728 testum
1189 3666 1293 3729 tuum
1302 3660 1562 3729 celebrantium.

409 3900 523 3983 Relegi
553 3918 660 3985 nuper
689 3902 886 3985 scriptorem
917 3901 1104 3981 Graecum,
1134 3921 1201 3988 quo
1229 3904 1391 3987 quamvis
1419 3905 1561 3974 meliora

363 4023 484 4092 merito
514 4023 573 4089 vir
607 4023 696 4091 ullus
727 4026 913 4108 oorruptior
941 4024 985 4092 ad
1016 4030 1170 4093 nostram
1200 4027 1358 4109 pervenit
1386 4030 1560 4112 aetatum

365 4144 504 4215 Dionem
534 4146 607 4214 dioo
636 4146 805 4214 rhetorem
835 4147 929 4214 illum
959 4150 995 4214 et
1026 4147 1260 4231 philosophum
1291 4147 1492 4227 Prumeum,
1522 4150 1561 4217 in

362 4270 460 4337 ouius
482 4272 581 4337 textu
600 4268 817 4354 emendando,
838 4273 880 4336 ut
897 4270 1008 4353 nosti,
1028 4270 1177 4337 multum
1195 4270 1266 4337 iam
1283 4269 1365 4337 olim
1383 4270 1419 4336 in
1432 4271 1561 4339 Hermo

364 4390 569 4460 Berolinonsi
588 4394 624 4457 et
643 4390 880 4475 mnemosynes
899 4396 1035 4458 nostrae
1054 4392 1121 4458 rol.
1140 4391 1246 4458 XXII
1256 4395 1293 4458 et
1304 4391 1428 4459 XXVI
1438 4410 1561 4475 operae

362 4512 537 4593 collocavi;
568 4529 631 4580 neo
659 4511 785 4581 turstra
808 4513 915 4580 iudioo
938 4514 1092 4580 Arnimio
1115 4513 1334 4594 sagacissimo
1356 4513 1500 4581 ultimae
1521 4519 1561 4583 et

362 4637 510 4721 optimae
541 4636 712 4718 bucusque
734 4634 880 4704 Dioneae
902 4636 1061 4703 editionis
1084 4640 1234 4713 auctore,
1256 4637 1356 4703 cuius
1377 4654 1560 4706 oensuram

363 4761 416 4842 egi
438 4761 473 4827 in
496 4759 724 4844 Mnemosyne
749 4757 799 4826 cf.
822 4759 970 4825 Arnimii
993 4759 1228 4826 additamenta
1248 4758 1292 4826 ad
1315 4759 1380 4826 vol.
1403 4760 1431 4826 Ι.
