3848 6006
949 778 1016 846 438

361 961 464 1045 sibus,
488 965 528 1028 ut
550 965 710 1045 appareat
731 963 903 1029 auctorem
926 961 1016 1028 hunc
1039 959 1210 1026 homiuem
1234 976 1313 1042 prae
1332 959 1464 1027 Nerone
1483 977 1559 1026 esse

361 1083 576 1151 innocentem
599 1082 758 1150 voluisse.

406 1203 560 1271 Sufficiat
597 1203 795 1271 observasse
832 1201 1004 1272 Sofonium
1037 1206 1079 1271 ob
1113 1202 1358 1285 impudicitiam
1392 1202 1561 1284 praetoris

361 1324 553 1392 cohortibus
574 1342 649 1392 esse
673 1325 870 1410 impositum
893 1326 1099 1409 eandemque
1122 1324 1164 1392 ob
1187 1342 1325 1392 causam
1349 1325 1439 1408 apud
1457 1323 1560 1392 Nero·

361 1464 439 1514 nem
467 1447 572 1515 luisse
594 1446 744 1516 validum
767 1447 857 1534 (Tac
879 1449 922 1516 Η.
942 1449 967 1531 1,
991 1448 1059 1530 72).
1087 1446 1182 1534 „Non
1205 1445 1311 1513 alium
1333 1445 1439 1526 igitur
1460 1446 1561 1529 perti-

361 1568 478 1635 nacius
500 1569 542 1636 ad
565 1586 706 1652 poenam
724 1570 974 1653 flagitammnt,
993 1569 1126 1637 divorso
1144 1567 1278 1651 affectu,
1300 1566 1424 1649 quibus
1442 1566 1559 1634 odium

362 1688 504 1756 Neronis
526 1690 636 1758 inerat
658 1693 694 1758 et
716 1691 838 1774 quibus
858 1689 1095 1759 desiderium”.
1455 1774 1459 1783 Ι

406 1811 491 1878 Ecce
519 1814 636 1878 autem
666 1812 702 1878 in
732 1813 873 1880 Octavia
903 1813 966 1880 hoc
995 1813 1106 1880 scelus
1138 1811 1287 1894 procedit
1310 1809 1416 1894 plebis
1439 1812 1561 1877 contra

361 1931 505 1999 Neronis
522 1933 755 2001 crudelitatem
773 1933 937 2013 defensor,
956 1935 1055 2002 homo
1074 1935 1263 2002 misericors
1281 1950 1343 2001 neo
1358 1933 1425 2000 nisi
1443 1932 1561 2000 iussus

361 2057 569 2134 peccatums.
605 2054 694 2122 Audi
730 2055 850 2123 mitem
884 2054 1055 2123 hominem
1089 2056 1131 2124 de
1165 2055 1329 2123 seditione
1364 2070 1559 2138 compressa

361 2173 577 2242 referentem:

450 2296 564 2379 populi
586 2295 734 2365 honorem
757 2298 854 2366 coede
873 2315 1063 2382 paucorum
1086 2299 1149 2366 dia

450 2419 511 2502 qai
532 2419 727 2487 reciderant
749 2423 876 2499 amere,
900 2437 1130 2504 compressum
1152 2420 1273 2498 aliero3

360 2539 438 2606 audi
462 2539 587 2607 bonum
610 2541 724 2608 virum
747 2541 891 2609 Neronis
912 2541 1126 2610 cohibentem
1148 2542 1252 2609 iram:

450 2677 593 2743 poenam
615 2660 706 2729 dolor
727 2661 915 2730 constituet
937 2662 972 2728 in
996 2662 1089 2730 cives
1111 2664 1215 2730 tuos?

359 2782 438 2848 audi
477 2780 636 2850 Octaviae
670 2786 852 2866 patronum
884 2801 964 2851 eum
998 2788 1165 2869 agentem,
1200 2784 1258 2852 ubi
1292 2784 1380 2853 Nero
1414 2802 1556 2853 uxorem

362 2904 582 2971 condemnat:
939 2973 941 2977 ,

448 3025 583 3093 horrore
606 3024 761 3092 vinetum
784 3024 937 3109 trepidus
958 3024 1121 3094 astrinxit
1143 3025 1241 3108 rigor.

451 3146 577 3214 lemine
600 3144 735 3227 (hostie)
758 3162 881 3214 nomen
905 3147 1023 3230 capit?

451 3269 533 3351 Quis
556 3284 670 3351 regere
692 3268 870 3336 dementes
893 3269 930 3349 (i.
941 3284 971 3336 e.
990 3267 1165 3352 populum)
1177 3268 1301 3338 ‚nuato
1321 3270 1422 3338 Haud
1440 3287 1558 3354 quem·
1630 3341 1634 3348 ,

1291 3407 1395 3472 quam
1418 3392 1510 3458 reorl

405 3511 526 3579 Hicine
560 3514 614 3579 est
648 3509 805 3578 Solonius
838 3528 880 3577 ex
915 3511 1071 3578 quenali
1104 3511 1201 3579 nobis
1235 3512 1364 3579 notus?
1397 3511 1558 3580 Credisne

360 3634 538 3718 Romanos,
558 3632 714 3716 aequales
732 3632 807 3700 eius
826 3633 880 3699 vel
899 3632 1089 3716 aequalium
1109 3633 1239 3718 liberos,
1260 3633 1296 3700 in
1315 3650 1417 3701 scena
1437 3633 1558 3702 tulisse

360 3754 427 3821 tale
439 3757 630 3821 monstrum
642 3753 685 3826 εἰς
699 3751 733 3818 τὸ
746 3751 1046 3838 naalodepictum?
1058 3755 1293 3837 Immopostea
1303 3756 1398 3822 venit
1409 3759 1558 3838 tempus,

360 3892 425 3958 quo
456 3875 570 3942 nullus
593 3892 661 3942 nou
684 3875 797 3943 vivide
819 3892 955 3944 narrare
978 3878 1112 3958 poterat
1133 3876 1174 3944 de
1198 3876 1379 3944 sceleribus
1402 3876 1557 3954 Neronis,

359 3997 418 4064 sed
453 4015 518 4080 quo
550 3997 733 4079 Tigellinus
763 3997 798 4064 in
828 3997 949 4064 umbra
979 3997 1122 4074 latebat;
1155 3997 1244 4065 aaut
1266 3998 1356 4081 apud
1378 3998 1559 4067 hodiernos

360 4118 523 4195 homines,
548 4118 657 4184 cultos
675 4118 810 4199 quidem
830 4116 888 4184 sed
906 4118 941 4184 in
954 4117 1099 4185 Taciteis
1111 4134 1177 4185 non
1190 4122 1354 4204 versatos,
1369 4119 1402 4186 id
1414 4120 1557 4188 obtinet.

360 4238 454 4305 Tunc
477 4239 615 4306 demum
639 4238 820 4319 Tigellinus
843 4238 985 4306 Neronis
1008 4255 1127 4306 censor
1149 4239 1277 4323 prodire
1299 4243 1441 4324 poterat.

405 4359 463 4426 IV.
502 4359 668 4426 Venimus
698 4359 740 4426 ad
775 4359 981 4442 Poppaeam,
1016 4359 1159 4426 Neronis
1192 4362 1346 4426 abaciam
1380 4362 1558 4444 coniugem

359 4485 424 4559 (as.
437 4481 528 4560 841).
548 4480 633 4563 Quid
652 4478 764 4547 valeat
782 4480 844 4547 hoc
864 4480 1061 4567 „sanctam”
1078 4481 1119 4547 de
1134 4480 1329 4548 mulieribus
1344 4486 1556 4568 occupatum,

360 4602 488 4668 scilicet
521 4601 701 4687 „castam''‚
733 4601 829 4666 docet
860 4600 998 4667 Tacitus
1029 4601 1072 4666 Α.
1105 4602 1167 4679 ΙΧ,
1200 4602 1259 4668 60:
1296 4603 1489 4689 „Quendam
1513 4623 1558 4673 ex

359 4723 524 4789 ministris
548 4722 706 4789 Octaviae
729 4722 863 4803 impulit
887 4723 1043 4788 servilem
1067 4724 1097 4788 ei
1121 4740 1269 4789 amorem
1289 4725 1427 4791 obicere.
1448 4725 1558 4792 Actae
