4144 6154
886 883 953 950 489

321 1069 362 1137 oh
385 1069 419 1136 id
442 1068 483 1137 de
505 1067 634 1136 ancillis
653 1067 867 1152 quaestiones
886 1070 923 1135 et
941 1065 976 1134 vi
996 1068 1241 1135 tormentorum
1263 1065 1364 1132 victis
1382 1065 1517 1148 quibus-

321 1191 399 1258 dam
422 1191 463 1256 ut
484 1189 570 1258 falsa
588 1191 788 1276 annuerent,
808 1187 920 1273 plures
938 1187 1116 1273 perstitere
1132 1189 1342 1256 mactantem
1362 1185 1517 1254 dominae

322 1311 445 1380 tueri'.
465 1311 597 1380 Trihuit
616 1311 720 1393 igitur
735 1328 847 1378 rerum
860 1311 1003 1394 scriptor
1014 1310 1244 1394 sanctitatem,
1258 1308 1312 1376 cui
1323 1308 1515 1390 oportebat:

321 1433 489 1500 Octaviae
510 1432 725 1516 Poppaeaene
743 1433 900 1516 quoque?
915 1431 1009 1500 Bona
1026 1431 1146 1499 verba!
1159 1429 1207 1497 De
1217 1447 1365 1513 quanam
1378 1428 1516 1496 muliere

320 1553 387 1622 nisi
416 1552 459 1620 de
488 1555 551 1622 hac
579 1570 663 1621 usus
684 1557 740 1622 est
764 1553 892 1622 verbis:
918 1552 1140 1638 „modestiam
1162 1551 1329 1634 (callebat)
1350 1549 1516 1634 praeferre

321 1677 359 1742 et
380 1673 518 1743 lascivia
540 1673 643 1742 uti’?

366 1795 417 1862 Ne
446 1795 530 1864 mihi
558 1797 717 1865 obieceris
748 1797 948 1866 vocabulum
970 1797 1081 1864 sandi
1102 1813 1159 1864 ore
1183 1795 1326 1864 Neronis
1348 1793 1517 1880 prolatum

321 1917 432 1984 valere
451 1919 658 1986 contrarium
667 1939 676 2001 ;
696 1917 853 1985 laudetur
868 1918 950 1986 mihi
965 1920 1175 2001 epraetexta
1186 1934 1293 1985 unum
1305 1913 1515 1999 vocabulum,

320 2055 387 2120 quo
416 2039 589 2122 Poppaeae
620 2056 731 2108 mores
761 2040 1006 2123 vituperentur.
1038 2037 1175 2106 Nullum
1202 2038 1370 2119 iuvenies3
1401 2035 1517 2114 immo,

321 2175 389 2226 non
411 2161 511 2229 modo
532 2160 744 2244 pulchritudo
765 2161 845 2230 Iove
867 2160 967 2243 digna
989 2159 1172 2244 extollitur,
1197 2159 1251 2227 cui
1275 2159 1372 2226 eadat
1390 2157 1515 2242 Danae,

322 2280 421 2349 cedat
443 2279 584 2361 Helena,
603 2298 682 2349 cum
706 2282 754 2350 nil
777 2299 928 2366 unquam
950 2280 1100 2350 illuxerit
1121 2280 1303 2364 pulchrius,
1330 2279 1389 2348 sed
1413 2279 1518 2348 etiam

324 2401 444 2469 timida
478 2405 533 2470 est
564 2403 670 2486 virgo,
699 2402 807 2472 altera
836 2404 972 2472 videtur
1001 2403 1165 2487 Penelope
1194 2403 1336 2470 somniis
1365 2401 1515 2486 confusa,

322 2523 386 2607 pia,
409 2521 597 2592 lacrimosa.
621 2524 673 2592 En
696 2523 751 2594 illa
773 2541 859 2609 quae
881 2525 993 2594 famae
1016 2543 1098 2592 suae
1120 2524 1268 2610 pepercit
1290 2524 1482 2607 nunquam!

367 2645 526 2728 Tempus,
554 2663 622 2714 non
644 2664 778 2732 semper
800 2645 1006 2726 δικαιότατον,
1029 2648 1152 2716 ceteris
1173 2647 1330 2715 omnibus
1352 2645 1517 2715 obvelatis

321 2765 479 2833 oblivioni
501 2765 609 2836 solam
627 2768 753 2850 eripuit
771 2769 944 2852 Poppaeae
963 2767 1222 2852 pulchritudinis
1241 2767 1377 2836 famam.
1397 2767 1518 2836 Altera

322 2885 450 2954 Helena
483 2887 572 2955 vixit
604 2889 693 2973 apud
723 2893 892 2974 posterum
923 2889 1013 2957 sicut
1044 2888 1133 2971 apud
1164 2889 1339 2958 hodiernos
1360 2887 1518 2956 laudatur

321 3007 466 3076 formosa
498 3006 556 3076 illa
589 3009 705 3092 regina
738 3010 945 3078 Francorum
979 3008 1085 3077 Maria
1114 3008 1277 3087 Antonia,
1308 3007 1362 3076 vel
1393 3009 1518 3078 misera

322 3127 428 3196 Maria
456 3129 607 3217 Stuarta,
639 3129 694 3198 vel
718 3132 854 3216 sapiens
877 3131 1050 3200 christina
1072 3129 1188 3198 Sueca.
1210 3129 1275 3197 Sed
1299 3131 1386 3198 satis
1406 3131 1519 3216 ampla

322 3267 489 3319 annorum
511 3253 597 3321 serie
619 3269 705 3338 opus
727 3256 790 3340 eet,
815 3257 855 3321 ut
877 3270 990 3322 merae
1008 3253 1072 3320 hae
1090 3251 1301 3321 laudationes
1319 3253 1516 3320 memoriam

323 3372 512 3456 aequalium
535 3375 670 3443 vincere
692 3375 842 3459 possint3
870 3375 990 3460 primis
1010 3377 1102 3444 certe
1123 3373 1293 3442 decenniis
1315 3378 1393 3458 post
1414 3374 1519 3442 heroi-

325 3510 447 3562 narum
468 3497 619 3564 aetatem
642 3513 711 3565 non
734 3496 913 3580 patiuntur
934 3495 1017 3565 talia
1040 3494 1193 3574 ἐγκώμια.

369 3615 412 3684 V.
447 3615 512 3684 Oui
540 3617 765 3686 observationi
792 3619 956 3702 quaedam
979 3621 1063 3686 sunt
1085 3616 1246 3684 addenda.
1270 3614 1409 3683 Dimisit
1431 3615 1519 3685 Nero

322 3753 462 3805 uxorem
492 3739 669 3808 Octaviam
698 3739 741 3808 oh
771 3739 997 3807 sterilitatem.
1022 3737 1116 3806 Licet
1138 3737 1224 3806 aliae
1246 3754 1326 3805 eum
1348 3737 1519 3806 moverint

323 3875 454 3942 causae,
485 3875 540 3928 res
569 3859 652 3944 ipsa¹
683 3859 856 3940 sterilitas,
888 3859 1002 3944 negari
1031 3875 1100 3927 non
1131 3861 1264 3942 potest:
1296 3855 1441 3939 δχρδνις
1465 3881 1520 3937 μι-

323 3981 466 4057 prienaee.

368 4101 453 4184 Quid
487 4117 566 4170 vero
595 4100 631 4167 in
662 4099 800 4168 fabula?
833 4098 883 4168 De
912 4099 1095 4168 sterilitate
1126 4115 1169 4165 ne
1199 4099 1341 4166 verbum
1371 4097 1516 4180 quidem.

322 4222 430 4290 Immo
452 4223 482 4290 si
505 4222 668 4290 &necem
691 4221 727 4288 in
751 4237 853 4290 scena
875 4219 982 4304 audis,
1005 4219 1092 4288 satis
1115 4218 1258 4288 fecunda
1280 4218 1420 4286 Octavia
1441 4233 1518 4286 esse

322 4343 518 4412 videbatur:

457 4463 614 4548 Implebit
636 4464 751 4534 aulam
774 4465 880 4549 stirpe
902 4463 1039 4533 caelesti
1061 4466 1159 4532 tuam

459 4590 620 4670 generata
642 4586 720 4655 divo
743 4583 899 4654 Claudiae
922 4585 1035 4668 gentis
1058 4585 1161 4654 decus
1182 4587 1249 4666 (vs.
1274 4581 1340 4650 533
1353 4589 1429 4668 su).

323 4708 445 4792 Aegre,
477 4708 584 4791 credo,
613 4709 755 4776 conatus
778 4706 808 4775 si
829 4711 931 4785 esset,
954 4705 1200 4790 spectatoribus
1223 4705 1366 4774 Neronis
1389 4708 1517 4788 tempo·

323 4847 400 4897 mm
432 4828 637 4898 memorihus
658 4829 835 4912 probasset
857 4831 984 4906 auctor,
1008 4826 1191 4895 divortium
1214 4827 1250 4895 ni
1273 4828 1435 4896 voluisset
1456 4825 1516 4894 im·
