3848 6006
930 841 997 927 458

368 1059 459 1109 mam
490 1042 585 1111 addit
610 1041 662 1128 (p.
685 1043 766 1130 324)
796 1044 878 1112 haec
909 1044 1012 1112 uerba
1040 1031 1280 1126 indignationis
1310 1041 1427 1126 plena:
1461 1039 1562 1129 „Wie

368 1162 526 1232 Gelehrte
556 1182 623 1232 von
647 1147 859 1234 (ieschmaok
880 1165 953 1233 dies
975 1163 1311 1233 Selbstbekenntniss
1332 1163 1403 1231 und
1425 1179 1486 1245 gar
1506 1161 1562 1231 dle

367 1285 513 1353 schenen
527 1282 676 1355 'Worier
699 1289 791 1367 Φιλιν
814 1282 910 1368 ἄνδρα
935 1284 1002 1365 iaci
1027 1283 1234 1368 πρεσβύιιριν
1253 1281 1418 1364 ‘taxatam
1441 1275 1473 1348 iu
1496 1281 1561 1363 iris

367 1405 481 1489 σχεδὸν
512 1405 568 1472 otia
589 1404 628 1473 ἂν
653 1394 857 1490 αἰσχννιὶμνν
880 1406 972 1496 εἰπὼν
996 1405 1192 1474 δικαιότατον
1215 1401 1293 1472 εἶναι
1317 1410 1377 1471 τῶν
1400 1403 1482 1492 τότε,
1505 1405 1562 1474 ier

366 1529 428 1597 das
457 1527 649 1597 Machwerk
679 1529 774 1598 eines
802 1529 977 1598 Falconem
1006 1530 1116 1599 haben
1146 1529 1315 1614 ausgeben
1337 1528 1482 1612 konnen,
1507 1507 1562 1610 ge·

366 1651 444 1719 hort
463 1668 507 1718 zu
525 1650 590 1719 den
609 1650 750 1735 Dingen,
770 1652 825 1720 fer
844 1651 898 1720 die
917 1652 983 1733 mir
1001 1650 1317 1721 dasVerstandniss
1328 1652 1465 1732 uersagt
1478 1647 1560 1738 ist”

412 1773 563 1857 Saepius,
594 1771 700 1841 etiam
731 1772 766 1840 in
795 1772 942 1842 editione
972 1773 1121 1843 secunda
1143 1771 1328 1843 voluminis
1350 1769 1452 1856 primi
1472 1787 1561 1868 quae

367 1911 475 1980 nuper
506 1893 637 1978 prodiit,
667 1892 703 1961 in
734 1885 951 1964 describenda
980 1894 1055 1963 rita
1084 1894 1237 1963 Platonis
1265 1896 1404 1976 elusone
1425 1890 1561 1973 ingenio

366 2014 563 2084 illustrando
591 2015 700 2084 utitur
721 2016 774 2084 vir
797 2013 1012 2098 ιιιιτιιιῶτιιτος
1035 2013 1360 2116 epistolia'Plaienis
1382 2015 1560 2098 tamquam

366 2138 465 2223 plane
493 2135 685 2218 ἁιιβνιιιιιι.
720 2137 778 2206 An
808 2139 956 2211 iniuria?
987 2139 1062 2210 Non
1092 2142 1147 2207 est
1175 2154 1290 2207 meum
1322 2137 1413 2205 inter
1441 2138 1560 2205 tantos

366 2258 457 2328 viros
478 2259 668 2329 murima.
1440 2236 1442 2241 ’
1499 2338 1504 2347 ,
1560 2244 1562 2248 ’

411 2381 508 2469 Aliae
540 2399 621 2450 vero
655 2386 740 2451 sunt
774 2382 934 2469 epistolae
968 2399 1093 2467 eaeque
1126 2366 1329 2450 sanissimae
1355 2378 1558 2464 quaemihi,

366 2504 499 2588 paranti
529 2503 711 2587 septimam
732 2504 915 2573 editionem
938 2504 1136 2573 Anabaseos
1159 2502 1287 2586 cobeti,
1311 2501 1421 2569 denuo
1441 2501 1559 2578 lectae,

364 2622 495 2709 copiam
524 2625 752 2707 praebuerunt
781 2629 823 2693 nt
850 2625 893 2694 ad
922 2626 970 2694 'l'e
991 2625 1171 2694 scribonem
1193 2623 1330 2707 aliquid,
1352 2639 1560 2708 quamquam

365 2745 486 2815 misero
509 2750 625 2815 metuo
648 2765 690 2817 ne
713 2746 832 2826 γλαῦκ’
858 2745 1021 2831 ἰινιινιιζεο
1238 2743 1240 2747 ’
1560 2750 1563 2754 “

408 2869 533 2936 Insunt
561 2867 665 2952 igitur
694 2868 730 2936 in
759 2869 920 2938 Hercheri
942 2866 1295 2963 Epistolographorum
1315 2863 1473 2934 Editione
1493 2865 1560 2948 opi·

364 2989 471 3059 siolee
499 2988 636 3057 Chionis
661 2989 905 3070 Heracleensis,
928 2989 995 3058 viri
1017 2985 1260 3070 τυραννοκτόνον,
1284 2985 1343 3070 qui
1364 3002 1455 3054 enno
1476 2968 1559 3053 anie

364 3110 440 3179 Chr.
464 3128 498 3177 n.
521 3111 758 3179 trecentesimo
776 3111 1054 3195 quinquagesimo
1073 3110 1181 3194 primo
1200 3107 1409 3185 dinarchum,
1427 3123 1559 3191 oppres·

363 3225 474 3300 sorem
510 3233 640 3316 patriae
670 3249 762 3317 suae,
794 3231 976 3302 Heracleas
1005 3231 1165 3302 Ponticae
1194 3231 1293 3316 (quae
1321 3231 1413 3319 urbs,
1445 3229 1559 3297 Xeno

364 3354 490 3437 phonte
511 3358 658 3434 auctore,
681 3354 787 3423 distat
810 3372 832 3423 a
854 3355 1021 3440 Byzantio
1041 3353 1159 3429 κώπαις
1180 3352 1296 3435 ἡμέρας
1316 3349 1409 3431 μάλα
1430 3354 1556 3432 μικρᾶς

362 3474 485 3561 sareu),
512 3474 681 3544 interiecit
710 3478 750 3542 ut
780 3476 927 3558 patriam
957 3475 1114 3559 liberaret
1143 3478 1181 3545 et
1210 3476 1283 3560 ipse
1312 3473 1355 3542 ab
1386 3472 1557 3542 interlecti

362 3595 501 3681 tyranni
523 3594 726 3664 satellitibus
749 3600 804 3665 est
825 3600 977 3665 necatus.

408 3717 519 3784 Hasce
537 3716 697 3800 epistolas
715 3717 813 3786 dotas
832 3735 908 3787 esse
928 3717 1019 3787 nullo
1039 3718 1172 3801 negotio
1187 3717 1363 3786 ostendam
1375 3719 1556 3802 postquam

361 3838 541 3907 iocularem
563 3855 710 3908 errorem
732 3824 1122 3912 Hereneri‘ostendero
1268 3906 1271 3911 .

406 3962 537 4028 Harum
568 3959 705 4028 chionis
726 3959 946 4043 epistolarum
969 3942 1230 4037 amantissimus
1251 3960 1318 4028 luit
1340 3933 1393 4028 vir
1416 3959 1556 4044 quidam

360 4066 484 4150 doctus
510 4081 665 4167 coberus,
690 4081 860 4165 quondam
883 4059 992 4161 rector
1015 4082 1069 4149 vel
1091 4085 1265 4162 connector
1286 4081 1466 4168 Gymnasii
1490 4082 1556 4150 Bu·

360 4203 521 4271 dissensis
550 4204 586 4271 in
617 4203 775 4281 Saxonis,
806 4204 864 4287 qui
889 4220 948 4272 eas
971 4204 1014 4272 ad
1036 4205 1164 4272 codices
1186 4204 1351 4272 Medioeos
1373 4204 1555 4290 recensuit,

360 4324 542 4406 castigavit
573 4329 609 4393 et
638 4325 731 4394 notis
760 4329 863 4410 atque
887 4325 993 4393 indice
1017 4329 1136 4393 auctas
1159 4325 1264 4393 edidit
1286 4344 1376 4394 anno
1399 4343 1555 4394 nuceum

361 4446 506 4514 Dresdae
529 4465 568 4514 ao
588 4446 730 4530 Lipsiae.
751 4447 846 4515 illam
865 4447 1046 4515 editionem
1067 4448 1230 4531 inspicere
1250 4448 1334 4515 mihi
1353 4466 1421 4515 non
1440 4449 1553 4533 licuit;

359 4566 542 4650 discipulus
574 4584 652 4635 vero
683 4568 785 4635 huius
817 4566 942 4653 Coberi,
976 4568 1215 4646 Hoffmannus‚
1246 4570 1343 4637 heres
1373 4570 1463 4638 idem
1486 4588 1556 4638 ma·

360 4689 457 4769 gistri
488 4689 542 4755 sui
567 4688 601 4754 in
625 4688 786 4755 Chionem
810 4689 943 4772 amoris,
968 4689 1078 4757 denuo
1101 4689 1236 4757 easdem
1259 4689 1421 4773 epistolas
1445 4708 1555 4759 recen·

361 4809 440 4892 suit,
465 4826 566 4891 quam
590 4809 818 4877 recensionem
842 4812 867 4877 Ι.
892 4811 928 4879 C.
952 4811 1093 4878 Orellius
1116 4811 1260 4879 inseruit
1282 4812 1318 4878 ln
1340 4812 1473 4897 librum,
1498 4815 1555 4897 qni
