3848 6006
616 1515 667 1597 lle
696 1513 867 1596 Socratis
894 1513 1070 1614 Apologia
1099 1511 1295 1595 Platonica

903 1721 1014 1757 mimi*

768 1873 800 1939 J.
825 1871 868 1938 ll.
893 1871 1144 1938 FRAENKEL.

408 2205 634 2286 Ingenuamm
663 2202 791 2270 artium
823 2201 964 2270 fideliter
987 2203 1155 2271 cultarum
1179 2222 1247 2271 non
1270 2205 1400 2288 primus
1422 2207 1558 2291 quidem

364 2327 422 2394 sed
452 2326 595 2394 fortasse
625 2325 890 2392 iucundissimus
920 2328 975 2391 est
1006 2325 1060 2392 hic
1088 2325 1230 2404 fructus,
1256 2345 1356 2411 quem
1384 2330 1558 2413 proverbio

365 2451 535 2516 nostrates
562 2448 815 2517 demonstrant:
843 2447 970 2531 ¹Kuust
994 2447 1092 2514 baart
1113 2448 1241 2528 gunst'
1265 2449 1338 2516 Nou
1363 2449 1472 2518 solnm
1495 2452 1559 2519 dis

365 2570 465 2654 cipuli
484 2570 535 2637 tui
555 2574 600 2655 te,
621 2569 674 2636 vir
692 2569 878 2636 clarissime
897 2567 1018 2645 Nater,
1038 2572 1286 2652 praeceptorem
1301 2589 1403 2639 suum
1419 2573 1559 2641 laudaut

367 2695 647 2774 veneranturque,
667 2690 790 2773 quibus
809 2690 962 2757 doctrina
979 2693 1016 2757 ot
1035 2691 1175 2758 monitis
1192 2690 1384 2761 litteramm
1400 2712 1558 2780 campum

367 2813 564 2897 patefecisti,
594 2812 653 2879 sed
679 2811 815 2895 scriptis
841 2811 912 2878 tuis
939 2828 1001 2879 nos
1028 2811 1209 2895 discipulos
1230 2813 1341 2881 fecisti
1364 2819 1559 2902 extraneos;

368 2935 486 3002 multis
510 2940 547 3002 tu
571 2933 784 3019 prospexisti,
808 2932 866 3000 sed
889 2932 997 3000 multo
1019 2932 1171 3016 pluribus
1195 2933 1287 3002 salus
1307 2939 1368 3003 tua
1386 2938 1475 3006 cordi
1495 2943 1559 3006 est.

368 3057 485 3141 ltaque
514 3057 631 3126 honori
659 3059 719 3123 tuo
743 3056 896 3139 augendo
919 3074 997 3122 cum
1020 3055 1074 3122 hic
1097 3056 1169 3123 dies
1190 3056 1234 3124 ab
1256 3058 1376 3125 amicis
1399 3060 1470 3128 tuis
1492 3066 1561 3130 sta·

369 3182 467 3246 tutus
489 3179 547 3264 sit,
567 3195 622 3246 me
641 3195 772 3261 quoque
791 3178 825 3245 in
847 3194 1029 3244 numerum
1048 3175 1271 3246 salutantium
1291 3179 1454 3249 admittas
1473 3200 1561 3265 rogo.

413 3300 492 3368 Fuit
525 3304 662 3383 tempus
691 3317 757 3382 quo
788 3299 870 3365 mihi
900 3316 969 3365 non
1001 3299 1210 3381 persuaserit
1239 3300 1376 3368 Martini
1406 3301 1562 3372 Schanzii

369 3422 541 3490 sententia
571 3422 612 3488 de
643 3419 822 3504 Apologiae
851 3419 1044 3487 Platonicae
1074 3418 1195 3498 indole,
1223 3424 1399 3506 tamquam
1422 3425 1563 3493 minime

369 3543 531 3612 orationis
553 3560 590 3610 re
613 3559 693 3610 vera
713 3541 849 3609 habitae
873 3540 1056 3622 imaginem
1076 3540 1247 3608 reddentis
1266 3543 1325 3609 sed
1344 3544 1409 3611 alio
1427 3547 1563 3613 consilio

369 3666 574 3749 compositae
596 3667 633 3731 et
653 3682 675 3732 a
699 3663 842 3730 veritate
866 3662 1025 3729 historica
1047 3679 1149 3745 quam
1172 3663 1271 3730 aiunt
1289 3665 1384 3746 longe
1404 3670 1563 3735 remotae.

372 3786 623 3854 Meditationem
649 3784 802 3852 Platonis
828 3801 894 3850 nou
920 3783 1024 3850 verba
1047 3779 1194 3850 Socratis
1215 3785 1380 3853 contineri
1404 3788 1565 3872 Apologia

371 3912 487 3976 nostra
517 3909 747 3975 demonstrare
775 3904 830 3972 ille
861 3902 1006 3971 studuit.
1042 3904 1147 3972 cuiue
1177 3911 1380 3988 argumenta
1409 3913 1451 3976 ut
1482 3913 1565 3977 tuuc

371 4029 556 4096 infirmiora
586 4028 670 4095 mihi
700 4027 912 4103 videbantur,
941 4026 992 4093 ita
1021 4041 1064 4091 ne
1093 4043 1184 4093 nuuc
1207 4027 1341 4110 quidem
1364 4030 1406 4096 ad
1431 4034 1565 4098 tantam

372 4167 443 4218 rem
473 4149 679 4234 probandam
711 4150 799 4215 satis
829 4147 940 4214 valere
970 4164 1029 4229 per
1051 4162 1088 4213 se
1112 4150 1265 4231 spectata
1290 4154 1389 4234 pnto;
1415 4155 1566 4219 oetemm

371 4274 444 4341 dies
483 4273 572 4340 diem
611 4271 717 4349 docet,
756 4286 925 4355 quamque
958 4269 1149 4352 opinionem
1182 4269 1263 4338 olim
1302 4272 1566 4356 impugnandam

371 4395 577 4479 existimavi,
604 4411 681 4462 eam
703 4392 864 4460 adhibitis
887 4390 1091 4458 firmioribus
1112 4389 1169 4476 (ut
1191 4392 1275 4458 mihi
1298 4393 1446 4482 videtur)
1470 4412 1567 4478 argu-

373 4516 500 4585 mentis
518 4515 693 4600 atquibus
711 4514 817 4583 etiarn
831 4512 995 4597 quaedam
1009 4529 1094 4596 quae
1108 4511 1162 4580 ille
1176 4516 1296 4583 attulit
1311 4519 1568 4597 confirmantur,

374 4637 574 4706 defensurus
595 4655 684 4705 sum.

420 4759 472 4827 lix
504 4759 715 4843 argumentis
749 4757 903 4826 Schauaii
938 4755 1005 4824 alia
1040 4755 1128 4823 inira
1162 4759 1346 4844 tractabo;¹
1367 4763 1451 4828 suut
1485 4778 1570 4844 qnae
