4136 6134
1153 911 1197 987 20

571 1106 767 1185 331φνγε1ν
791 1103 847 1188 ἐκ),
872 1101 932 1185 qui
957 1101 1058 1184 ‘llrgio
1081 1102 1214 1188 locum',
1238 1103 1269 1171 13
1292 1105 1354 1170 331
1376 1101 1423 1169 111
1444 1117 1512 1168 333
1533 1099 1599 1168 fuit
1621 1105 1683 1170 aut
1702 1101 1770 1172 iam

567 1225 701 1307 reliquit
732 1227 795 1292 aut
826 1225 897 1292 iam
925 1222 1100 1306 reliquisse
1131 1223 1241 1291 locum
1271 1223 1422 1304 fingitur,
1446 1221 1520 1289 sive
1543 1223 1674 1292 tardius
1697 1226 1770 1295 3133

568 1344 707 1412 celerius
729 1345 891 1413 decedens
914 1343 1064 1429 nihilque
1087 1345 1157 1412 iam
1180 1345 1311 1413 veritus
1335 1343 1390 1412 vel
1415 1343 1451 1409 in
1474 1343 1538 1411 alio
1561 1344 1630 1412 loco
1652 1313 1769 1414 tutum

568 1483 605 1533 se
635 1484 710 1534 3333
742 1467 891 1547 3331333
918 1465 1068 1545 (13333133
1098 1465 1302 1533 Aktionsart
1332 1465 1465 1547 φεύγειν
1493 1465 1619 1546 χώραν).
1642 1467 1769 1534 Locum

567 1589 599 1656 ei
631 1588 685 1656 vel
719 1588 893 1670 ingratum
927 1604 1003 1654 esse
1035 1587 1088 1654 vel
1116 1587 1339 1671 periculosum
1361 1587 1417 1655 vel
1440 1588 1482 1655 ob
1505 1587 1606 1655 aliam
1629 1605 1768 1656 oausam

567 1711 678 1778 nescio
697 1727 801 1793 quam
821 1709 1002 1775 vitandum
1022 1711 1173 1791 apparet.
1194 1705 1302 1784 Quam
1322 1707 1418 1776 facile
1436 1709 1524 1776 hano
1543 1708 1768 1777 differentiam

567 1832 768 1898 conturbare
803 1830 936 1913 possint
965 1829 1132 1911 imprimis
1163 1830 1199 1908 11,
1231 1831 1354 1913 quibus
1385 1847 1507 1898 sensus
1529 1830 1683 1899 subtilior
1704 1831 1767 1898 lin·

569 1968 656 2033 guae
685 1952 783 2034 desit,
815 1949 934 2016 deinde
962 1949 987 2016 ii
1018 1955 1145 2034 poetae,
1180 1950 1239 2033 qui
1271 1952 1372 2018 metri
1402 1949 1474 2032 lege
1503 1951 1611 2028 vincti
1632 1951 1767 2018 11111331·

568 2075 660 2140 tates
687 2071 751 2139 sibi
775 2071 906 2138 oblatas
934 2070 993 2137 vix
1023 2088 1181 2154 superare
1211 2072 1356 2154 possint,
1382 2071 1478 2140 facile
1503 2076 1556 2140 est
1582 2071 1766 2141 intellectu.

569 2192 633 2260 Sed
664 2210 832 2277 nusquam
856 2192 925 2259 iere
944 2191 1027 2258 alias
1047 2191 1171 2258 vitium
1191 2195 1264 2259 tam
1283 2192 1379 2260 facile
1397 2193 1567 2275 deoegitur
1585 2211 1688 2276 quam
1706 2195 1767 2262 hoc

568 2315 641 2398 ipso
675 2315 808 2383 Horatii
842 2313 923 2382 loco.
956 2313 1084 2396 Quippe
1115 2314 1341 2382 antecedunt:
1375 2315 1443 2382 ‘ubi
1471 2332 1528 2384 me
1558 2315 1688 2383 fessum
1717 2315 1766 2383 sol

566 2435 672 2503 acrior
691 2436 738 2504 ire
753 2436 907 2503 lavatum
918 2433 1106 2502 admonuit'
1120 2481 1129 2499 .
1143 2481 1151 2500 .
1165 2483 1174 2502 .
1188 2484 1196 2502 .
1209 2433 1350 2513 (ἐπειδάν
1359 2483 1368 2502 .
1378 2481 1387 2500 .
1397 2481 1424 2501 ..
1438 2434 1571 2516 κελεύσῃ
1586 2432 1765 2504 33131331

562 2556 680 2643 pontt.
704 2557 932 2640 Aktionsart),
958 2557 1007 2624 ita
1026 2559 1067 2623 ut
1086 2560 1312 2640 expectemus:
1336 2556 1764 2642 ι111313333333ο’(φνγεῑν,

565 2676 733 2760 ἐκφεύγειν
752 2677 786 2743 tx
805 2675 918 2764 punit.
930 2677 1159 2763 Aktionsart),
1172 2678 1262 2745 haud
1275 2694 1354 2746 3333
1363 2679 1464 2760 ‘fugio
1474 2680 1655 2761 campum’:
1668 2680 1765 2747 lliehe

565 2801 631 2869 den
661 2799 817 2868 Marsield
852 2796 995 2881 (turrice
1035 2798 1253 2886 Aktionsart)
1295 2803 1374 2867 aut:
1414 2800 1517 2868 suche
1548 2799 1614 2868 den
1644 2801 1687 2867 11.
1721 2817 1764 2868 zu

566 2923 698 2990 iliehen.
729 2923 786 2988 An
814 2922 993 3005 quisquam
1021 2920 1161 2988 dixerit:
1186 2939 1288 2989 33333
1311 2940 1348 2990 33
1371 2922 1475 2990 333111
1495 2923 1569 2989 Uhr
1591 2923 1648 3001 ist,
1668 2923 1765 2989 illehe

566 3046 620 3112 ich
639 3045 731 3112 mein
743 3043 902 3111 Bureau?
913 3043 963 3110 At
975 3059 1037 3110 nos
1048 3042 1189 3109 dicimus
1202 3059 1284 3110 sane
1296 3061 1374 3110 cum
1386 3044 1466 3111 hoc:
1481 3043 1540 3110 ‘als
1551 3044 1594 3111 de
1607 3045 1762 3110 vacantia

566 3166 691 3250 begint,
724 3159 890 3230 cnloloctl
916 3163 952 3230 ik
983 3163 1024 3229 de
1046 3163 1133 3230 stad'
1156 3161 1245 3252 [3913
1268 3181 1308 3228 ec
1330 3162 1417 3248 orte,
1441 3167 1537 3231 tum:
1564 3164 1762 3246 ‘gedurende

565 3288 607 3354 de
637 3285 793 3354 vacantis
824 3280 1113 3350 33131331111313
1143 3283 1230 3351 stad’
1255 3282 1347 3371 sopio
1371 3281 1491 3350 ortem.
1515 3281 1579 3352 Sed
1601 3285 1699 3352 aliter
1720 3284 1763 3352 lo·

565 3408 681 3492 quitur
711 3406 765 3474 vir
787 3407 973 3482 Romanus,
997 3404 1096 3474 aliter
1118 3407 1172 3472 vir
1196 3405 1396 3487 Germanus,
1422 3407 1494 3472 3133
1520 3406 1675 3474 Batavus
1697 3411 1760 3492 331,

565 3531 638 3597 3133
657 3529 804 3612 quuii,
824 3526 1020 3610 professoris
1039 3526 1255 3608 Bruggensls‚
1272 3527 1762 3611 33331331311331333313,3133

566 3652 752 3719 monachus
774 3648 985 3727 Blandinius‚
1008 3648 1082 3715 sive
1104 3653 1220 3715 noster
1239 3647 1405 3730 quuius
1424 3649 1508 3731 ipse.
1529 3649 1693 3717 Horatius
1703 3667 1762 3732 per

566 3775 676 3840 totam
705 3774 873 3839 aestatem
904 3770 959 3837 331
987 3769 1132 3837 33313113
1164 3772 1304 3856 partem,
1337 3787 1398 3853 per
1427 3771 1545 3837 horam
1576 3772 1631 3838 331
1661 3773 1761 3838 horae

566 3897 698 3977 partem
723 3893 846 3974 ‘lugere
868 3891 1037 3973 campum'
1060 3895 1185 3975 potest,
1204 3929 1237 3939 -
1254 3889 1310 3957 311
1331 3896 1448 3959 autem
1473 3888 1557 3958 toro
1575 3889 1761 3959 meridiano

565 4013 763 4102 3333333311,
785 4015 869 4080 nihil
894 4014 961 4080 nisi
986 4014 1109 4095 ‘lugere
1131 4032 1151 4081 e
1173 4012 1303 4097 campo'
1326 4016 1358 4081 31
1380 4015 1469 4082 licet.

610 4135 707 4218 Quid,
738 4136 767 4202 si
798 4135 995 4217 posterioris
1016 4137 1142 4204 aetatis
1163 4138 1264 4205 homo
1288 4137 1498 4220 nescioquis
1522 4153 1604 4204 suae
1625 4136 1759 4215 linguae

565 4272 631 4323 usu
661 4256 820 4340 deceptus
850 4258 913 4324 hac
941 4258 1133 4326 coniectura
1163 4277 1200 4326 se
1222 4259 1341 4342 bearit,
1366 4257 1604 4341 philologorum
1626 4260 1760 4324 mentes

562 4377 731 4445 oblimarit
751 4379 858 4446 nimia
876 4397 956 4447 cura
975 4385 1106 4462 poetam
1127 4380 1281 4447 deterens
1301 4380 1410 4461 magis
1427 4397 1531 4464 quam
1550 4377 1760 4447 emendans?

563 4500 685 4567 Restat
707 4499 849 4583 denique
872 4503 912 4567 ut
932 4517 991 4582 per
1014 4499 1313 4584 Lexicographiam
1340 4501 1396 4568 hic
1418 4519 1509 4568 error
1531 4499 1758 4588 philologicos,

563 4639 664 4704 quem
687 4622 774 4690 ratio
797 4622 867 4689 iam
891 4621 948 4688 diu
971 4622 1159 4705 exstirpare
1181 4622 1307 4706 debuit,
1333 4623 1494 4690 radicitus
1516 4621 1690 4689 evellatur.
