4136 6134
1177 920 1220 988 26

601 1102 737 1171 Etrusci
778 1107 1033 1171 revocaverunt.
1073 1106 1123 1171 At
1160 1105 1326 1188 quomodo
1360 1106 1482 1187 putare
1516 1104 1699 1191 potuerint,
1732 1106 1794 1174 hoo

601 1222 691 1292 iacto
721 1226 837 1294 omnia
867 1230 958 1294 reete
980 1244 1017 1294 se
1039 1226 1170 1306 habere,
1194 1227 1255 1294 vix
1276 1225 1436 1308 intelligo.
1460 1226 1552 1309 Quod
1574 1225 1663 1294 dixit
1686 1227 1794 1296 Bothe

604 1345 724 1434 „friget
753 1347 891 1431 ipeam''
923 1348 988 1433 (νε.
1010 1347 1091 1429 332)
1121 1365 1221 1416 nemo
1247 1346 1376 1415 infitias
1399 1348 1463 1415 ibit
1485 1364 1593 1431 nequa
1615 1347 1695 1431 quia
1715 1347 1794 1416 alibi

602 1468 708 1546 (velut
743 1486 793 1535 νε.
819 1470 877 1550 88)
911 1470 1040 1537 Nereus
1069 1471 1210 1554 peruios
1242 1469 1374 1547 dicitur,
1411 1468 1445 1535 id
1474 1469 1601 1536 bonum
1631 1469 1793 1538 hocloco

601 1605 741 1657 sensum
762 1592 911 1673 praebet.

646 1710 687 1777 In
721 1729 821 1780 versu
854 1713 921 1780 332
952 1713 1058 1781 etiam
1088 1717 1237 1782 metrum
1265 1713 1349 1780 mihi
1380 1716 1579 1796 suspectum
1609 1717 1681 1797 θεῖς
1713 1729 1793 1780 nam

601 1837 808 1916 anapaestus
842 1832 977 1920 quaque
997 1855 1063 1921 per
1092 1839 1194 1905 habet
1216 1838 1304 1921 quod
1326 1835 1483 1921 offendat,
1507 1835 1574 1902 etsi
1597 1835 1663 1903 duo
1683 1836 1793 1904 triave

601 1958 755 2040 exempla
774 1958 853 2026 huic
870 1959 945 2026 addi
963 1962 1115 2046 possunt,
1132 1960 1254 2043 quibus
1265 1957 1427 2043 particula
1438 1977 1510 2043 que,
1523 1963 1600 2042 post
1609 1958 1791 2028 relativum

602 2079 724 2164 posita,
765 2080 836 2147 ictu
877 2082 1016 2149 metrico
1048 2081 1237 2165 percutitur
1269 2081 1306 2149 in
1341 2083 1531 2167 systemate
1567 2082 1791 2164 anapaestico.

602 2201 753 2278 Accedit,
782 2200 870 2284 quod
900 2203 1074 2280 Etruscus,
1106 2220 1312 2287 quamquam
1341 2201 1427 2269 setis
1457 2205 1612 2270 acenteta
1634 2203 1791 2287 scriptus,

601 2323 636 2388 in
668 2323 795 2391 voculis
823 2324 945 2409 parvis,
978 2325 1087 2407 qualis
1117 2329 1171 2392 est
1201 2343 1279 2408 qua,
1311 2341 1554 2408 nonnunquam
1584 2327 1700 2408 peccat
1730 2328 1792 2392 aut

601 2445 782 2514 omissione
810 2449 873 2513 aut
902 2447 1091 2514 iteratione.
1114 2445 1199 2529 Quid
1223 2446 1356 2513 multa?
1379 2445 1482 2514 Credo
1506 2463 1569 2529 pue
1591 2443 1790 2528 particulam

602 2565 678 2634 inde
711 2570 823 2635 ortam
858 2587 943 2648 esse,
978 2571 1065 2652 quod
1099 2569 1256 2637 librarius
1286 2587 1354 2652 pua
1384 2568 1436 2635 bis
1464 2567 1665 2646 exaraverit,
1689 2568 1791 2649 atque

601 2686 664 2753 hoo
685 2685 836 2767 latuisse,
854 2707 931 2757 cum
950 2690 1052 2757 simul
1085 2695 1161 2776 tpu
1189 2707 1249 2772 pro
1281 2690 1352 2768 [pu
1382 2688 1516 2770 legerim
1538 2703 1676 2755 versum
1688 2687 1791 2769 igitur

601 2807 651 2874 sic
672 2810 919 2878 restituendum
941 2827 1016 2878 osse

827 2934 977 3016 cinpitw
998 2936 1072 3019 aito,
1097 2953 1165 3018 pua
1185 2939 1281 3018 [que]
1299 2949 1365 3018 por
1386 2949 1565 3017 superum.

601 3052 778 3136 Asyndeto
807 3056 1003 3136 saepissime
1033 3057 1143 3123 utitur
1172 3059 1297 3138 noster,
1328 3051 1787 3137 volutos.126,1eo,131

600 3172 780 3240 Phaedrae.
823 3177 1035 3261 compendia,
1077 3195 1152 3245 raro
1193 3177 1347 3262 fortasse,
1383 3176 1441 3242 sed
1477 3177 1592 3241 tamen
1628 3175 1791 3256 usurpata

600 3293 740 3361 fuerunt
769 3296 805 3361 in
836 3297 1018 3380 archetypo
1049 3295 1192 3378 Etrusci,
1217 3298 1258 3361 ut
1280 3296 1421 3377 apparet
1446 3310 1489 3360 ex
1512 3292 1664 3370 lectione,
1687 3308 1790 3373 quam

601 3413 765 3482 Etruscus
787 3417 924 3499 praebet
944 3417 980 3483 in
1003 3434 1104 3485 versu
1131 3415 1172 3482 18
1196 3415 1350 3483 Herculis
1371 3414 1542 3483 Furentis.

644 3537 762 3605 Altero
791 3537 862 3606 loco
893 3538 1008 3606 littera
1042 3539 1069 3606 F
1103 3557 1182 3606 cum
1217 3539 1244 3604 P
1279 3540 1413 3605 mutata
1446 3535 1566 3613 effecit,
1602 3536 1689 3618 quod
1724 3535 1790 3603 fuit

601 3657 810 3744 fervidus,
855 3665 895 3727 ut
928 3660 1049 3728 abierit
1084 3661 1120 3727 in
1152 3661 1349 3745 pervius3
1385 3659 1541 3744 feruidus
1576 3662 1789 3739 προληπτικῶς

601 3778 730 3846 Nereus
751 3779 883 3860 dieitur,
908 3781 987 3862 quia
1009 3781 1157 3848 flammis
1179 3782 1304 3849 amoris
1326 3783 1447 3849 uritur.

646 3901 764 3984 ltaque
783 3906 897 3970 totum
918 3903 1028 3969 locum
1051 3904 1101 3970 sio
1122 3904 1302 3985 legendum
1324 3922 1485 3989 propono:

1245 4045 1313 4111 qua
1337 4029 1431 4093 terra
1454 4027 1524 4093 eolo

910 4134 1060 4215 amour
1080 4134 1156 4211 aito,
1181 4154 1247 4217 pua
1265 4152 1517 4218 perceperam

909 4255 1055 4321 candida
1078 4256 1246 4322 mundum
1269 4256 1384 4323 sidera
1403 4257 1570 4322 currunt:

911 4379 990 4445 tneo
1010 4395 1118 4461 repca
1140 4381 1224 4445 tenet
1241 4397 1329 4462 puer
1350 4380 1492 4462 inentia,

909 4500 1041 4582 spicula
1063 4501 1162 4565 cuiue
1184 4502 1284 4566 sentit
1307 4502 1344 4567 iu
1367 4502 1447 4566 imae

908 4622 1063 4706 feruidus
1086 4622 1189 4688 undio
1211 4640 1275 4688 rac
1296 4622 1492 4690 Nereidum.
