3848 6006
929 799 996 869 234

366 982 430 1050 loci
459 982 593 1067 integri,
623 982 680 1066 qui
712 983 822 1068 paullo
848 985 1102 1054 reconditiorem
1127 985 1310 1054 medicinae
1332 984 1569 1066 cognitionem

366 1102 502 1185 prodere
537 1102 696 1171 videntur
726 1107 762 1171 et
792 1105 984 1174 technicum
1014 1106 1083 1174 iere
1108 1106 1250 1175 colorem
1274 1123 1353 1189 prae
1375 1121 1413 1172 se
1435 1106 1569 1173 ferunt.

367 1224 404 1290 ii.
427 1241 476 1306 gr.
499 1222 701 1290 ἀναδίδοσθαι
724 1225 784 1294 IV.
808 1227 869 1310 20;
895 1227 938 1296 V.
963 1228 1017 1307 26,
1040 1244 1127 1311 quae
1149 1244 1217 1296 uox
1239 1227 1371 1310 proprie
1393 1225 1436 1294 de
1457 1226 1569 1310 liquo-

367 1344 470 1423 ribus,
506 1345 547 1413 de
580 1347 752 1433 sangnine,
785 1347 826 1415 de
848 1347 923 1416 ielie
945 1352 1140 1432 usurpetur,
1171 1348 1214 1416 ct.
1237 1346 1353 1416 Galen.
1376 1344 1419 1412 V.
1441 1365 1474 1430 p.
1501 1349 1567 1429 463

366 1462 529 1532 avocante
562 1463 715 1545 βοήθημα
750 1468 809 1537 IV·
842 1469 899 1555 50,
935 1469 977 1537 cl.
1009 1469 1117 1537 Diosc.
1148 1469 1267 1538 Purab.
1299 1468 1437 1549 2.115;
1469 1465 1567 1534 bora·

364 1585 607 1662 τινατιὶστατις
632 1589 693 1655 ΧΙ.
714 1591 745 1674 8,
770 1590 812 1658 cl.
837 1589 952 1658 Galen.
974 1591 1017 1658 11.
1037 1608 1069 1674 p.
1089 1591 1156 1660 397
1180 1593 1217 1658 et
1239 1589 1323 1670 399;
1349 1585 1567 1669 ἐξαιματιιτιτ

366 1709 425 1778 IV.
449 1709 504 1789 21,
530 1709 573 1776 oi.
604 1710 720 1778 Galen.
748 1711 792 1777 ad
816 1710 930 1779 Glauc.
956 1711 995 1790 2;
1020 1708 1161 1789 ὅμιιινιι
1185 1711 1212 1779 1.
1239 1711 1293 1795 14,
1316 1728 1419 1795 quam
1442 1728 1566 1780 vocem

365 1830 484 1899 modici
518 1830 560 1898 de
590 1830 674 1900 febri
703 1830 858 1901 adhibere
879 1832 1006 1916 soient3
1030 1832 1234 1913 τριιτιινιιν
1256 1832 1304 1900 X.
1329 1834 1360 1911 7,
1383 1849 1470 1916 quae
1493 1851 1567 1900 vox

364 1953 492 2036 passim
515 1953 603 2036 apud
627 1951 794 2020 Galenum
818 1953 854 2021 in
874 1953 1098 2022 mixtionibus
1115 1954 1340 2022 describendis
1358 1956 1564 2038 usurpatum

365 2073 509 2158 denique
526 2073 589 2141 loci
607 2073 724 2157 quales
735 2078 818 2142 sunl
829 2075 871 2142 Π.
886 2071 1049 2156 &tibere
1063 2074 1116 2141 ταὶ
1129 2074 1258 2157 ὀστάρια
1272 2073 1325 2140 καὶ
1339 2073 1565 2158 ιιριιιῦφαντας,

364 2195 400 2261 ἐν
419 2193 535 2277 νιύριιν,
554 2193 708 2276 Φλιβιιιν,
728 2196 873 2276 innotuis
890 2196 1105 2278 πλεγμάτων,
1118 2196 1161 2266 V.
1173 2200 1215 2265 9:
1227 2197 1266 2270 ὧι
1279 2196 1304 2262 el
1317 2193 1564 2280 ὀφθαλμιῶντες

363 2316 436 2399 πρὸς
469 2314 505 2382 τὸ
535 2315 727 2398 exertior
751 2316 804 2383 καὶ
829 2317 864 2385 τὸ
886 2315 952 2401 ᾧδν,
975 2319 1015 2392 ele
1037 2316 1133 2394 ἄλλος
1157 2318 1231 2399 πρὸς
1255 2315 1498 2398 κατάτιιατμα,
1522 2320 1564 2392 eie

367 2437 440 2522 ule
464 2440 672 2516 καταιόνησιν.

410 2563 552 2631 Ultimis
573 2561 654 2631 locis
676 2579 738 2631 neo
760 2579 828 2631 non
850 2563 876 2632 I.
900 2562 941 2630 16
965 2560 1143 2646 Φαρμάκων
1166 2562 1220 2629 καὶ
1243 2559 1446 2641 imbeciltes
1470 2561 1563 2636 ἐντδα

363 2689 401 2753 et
422 2685 480 2752 lv.
502 2684 544 2751 21
571 2683 623 2750 ht
645 2682 704 2755 τὰς
728 2682 1176 2771 1ξαιματῶσιιι,διιὶτᾶαι1ι
1198 2683 1234 2751 τὸ
1254 2684 1382 2765 ἀτμῶδες
1396 2685 1412 2761 ἣ
1426 2685 1562 2764 πυρῶδες

365 2806 543 2879 damiatam
576 2806 780 2887 glossemata
808 2806 1053 2890 deprehendere
1076 2806 1141 2874 sibi
1164 2806 1259 2875 visus
1281 2809 1337 2874 est
1358 2807 1412 2874 vir
1434 2808 1564 2876 acutis

367 2929 476 2996 simus
506 2926 646 2996 Randall
677 2927 830 3012 (Journal
852 2928 890 2995 oi
907 2926 1079 3012 Philology
1100 2927 1233 2995 XXIII.
1257 2945 1290 3010 p.
1315 2929 1411 3011 119);
1434 2929 1564 2997 techni·

365 3068 440 3119 cam
462 3049 640 3119 sciendam
663 3048 857 3132 imperatori
879 3049 1058 3117 obtrudere
1080 3066 1148 3118 non
1167 3050 1252 3136 vuit
1276 3049 1469 3134 suspicatur
1492 3069 1564 3120 ma·

365 3172 577 3255 nuscriptum
605 3171 924 3239 commentariorum
955 3170 1127 3239 amedico
1149 3170 1295 3255 quodam
1317 3171 1502 3254 perlectum
1525 3175 1564 3241 et

363 3294 418 3362 hic
447 3292 513 3361 illic
542 3295 748 3362 annotatum
778 3308 863 3379 esse,
895 3310 963 3376 qua
989 3292 1025 3360 in
1047 3309 1084 3361 re
1105 3293 1140 3360 in
1164 3297 1323 3378 promptu
1345 3299 1400 3362 est
1422 3294 1465 3360 de
1485 3294 1564 3379 ipso

364 3417 491 3487 Gelono
513 3416 669 3498 cogitare.

408 3538 499 3606 Audi
522 3541 649 3621 umen,
672 3536 751 3621 quid
773 3537 816 3603 de
834 3535 899 3605 alio
919 3536 1031 3604 Stoico
1051 3537 1215 3615 Romano,
1234 3536 1277 3604 de
1288 3535 1413 3606 Seneca
1422 3540 1563 3606 nostrae

362 3661 488 3730 aetatis
511 3659 661 3728 medicus
683 3658 892 3727 indicaverit.
913 3658 955 3726 V.
975 3658 1008 3725 d.
1028 3658 1071 3726 Κ.
1085 3657 1122 3726 F.
1135 3658 1289 3725 Marx
1301 3658 1400 3741 (apud
1413 3659 1439 3726 Ι.
1452 3659 1563 3741 Ilberg

362 3782 405 3849 A.
435 3781 607 3850 Cornelius
636 3779 764 3848 Celsus
795 3779 890 3848 Neue
918 3780 1034 3847 Jahrb.
1065 3780 1090 3847 f.
1121 3779 1207 3846 Phil.
1239 3779 1340 3847 XIX.
1363 3782 1397 3847 6.
1420 3797 1454 3862 p.
1477 3781 1562 3866 378)

361 3903 444 3971 baso
473 3902 648 3986 opinatur:
683 3899 860 3989 „Seneoa’s
883 3901 1128 3983 Adsseruugen
1150 3901 1233 3969 uber
1255 3900 1468 3970 desundheit
1489 3904 1561 3971 und

361 4024 553 4091 Krankheit
574 4024 799 4091 dberraschen
817 4023 939 4090 ebenso
957 4022 1061 4090 durch
1082 4023 1155 4091 ihre
1173 4023 1256 4091 Zahl
1269 4023 1335 4091 wie
1347 4022 1452 4091 durch
1464 4023 1562 4093 ihren

361 4144 485 4213 Inhait.
508 4145 568 4213 Die
588 4144 844 4226 Bemerkuugen
865 4143 1025 4211 echeinen
1045 4144 1142 4213 nicht
1159 4144 1351 4214 voneinem
1364 4145 1562 4215 Niohtarzte

360 4267 440 4335 oder
469 4266 692 4345 Dilettanteu‚
723 4266 868 4334 sondern
898 4283 965 4333 von
990 4265 1101 4334 einem
1125 4266 1334 4345 eriahrenen,
1357 4266 1562 4351 gediegenen

361 4388 540 4457 Praktiker
566 4388 830 4456 herzuriihreu”.

408 4512 493 4580 Tam
511 4511 669 4579 intimam
688 4511 735 4579 rei
755 4509 902 4578 medicae
920 4510 1097 4579 scientiam
1114 4510 1433 4594 impraesentiarum
1452 4513 1562 4582 Anto

362 4634 442 4702 nino
467 4635 635 4717 imputare
660 4633 835 4715 nolumus3
861 4635 976 4700 tamen
1000 4633 1030 4700 si
1053 4633 1199 4701 Senecae
1221 4634 1393 4703 recondite
1414 4633 1470 4702 illa
1492 4654 1561 4703 me·

362 4755 492 4823 diuinae
518 4755 663 4836 cognItio
687 4753 888 4838 conceditur,
913 4772 980 4821 non
1005 4757 1132 4822 temere
1154 4771 1251 4836 agere
1274 4755 1371 4822 nobis
1395 4757 1560 4842 videmur,
