4136 6134
872 939 914 1006 81

300 1121 611 1206 interpretationem
641 1120 740 1189 sclito
771 1121 880 1202 magis
910 1122 1128 1189 reconditam.
1152 1122 1224 1190 lam
1247 1121 1336 1190 locos
1358 1139 1492 1207 percen-

299 1259 452 1311 seamus:
475 1243 526 1310 ita
547 1243 602 1310 bic
624 1241 754 1309 iactum
775 1243 961 1325 apparebit.
984 1243 1069 1309 Acb.
1082 1243 1108 1309 1.
1121 1244 1207 1312 676:

389 1364 527 1447 Iamque
549 1379 609 1446 per
630 1363 783 1444 Aegaeos
804 1363 877 1430 ibat
898 1361 1034 1431 Laertia
1056 1363 1166 1432 ilexus

390 1483 512 1568 puppis
530 1488 567 1552 et
586 1484 783 1550 innumerae
804 1485 1037 1552 mutabant·
1061 1485 1221 1569 cyclades
1242 1504 1354 1554 auras.

344 1606 436 1674 Haeo
466 1605 596 1673 codices
629 1622 713 1672 mss.
747 1605 909 1672 exhibent
937 1606 979 1673 ad
1009 1624 1117 1673 unum
1145 1623 1272 1675 omnes.
1300 1605 1489 1676 Attamen

300 1727 426 1796 Garrod
447 1728 490 1795 de
512 1744 574 1795 suo
596 1728 750 1810 scripsit:
773 1732 809 1794 et
831 1727 1027 1795 innumerae
1050 1730 1204 1797 mutabat
1227 1729 1384 1814 Cyclados
1405 1748 1489 1809 cras,

299 1849 424 1916 addens
446 1850 589 1917 tortasse
612 1848 825 1916 scribendum
848 1866 941 1916 esse:
965 1850 1146 1917 mutabant
1168 1867 1215 1918 ac.
1234 1851 1316 1934 viri;
1336 1852 1489 1919 Koestlin

301 1971 483 2038 recensuit:
516 1971 713 2038 innumeros
743 1971 926 2038 mutabant
948 1971 1112 2054 Cycladas
1133 1989 1245 2051 aurae,
1267 1988 1368 2056 quem
1390 1971 1491 2040 Klotz

301 2095 337 2158 et
371 2091 520 2160 wilkins
554 2093 664 2159 secuti
697 2095 792 2159 sunt.
823 2091 914 2158 Nihil
944 2095 1060 2159 tamen
1091 2093 1296 2161 mutandum
1321 2097 1386 2173 est,
1410 2111 1491 2161 uam

301 2213 363 2281 boc
383 2218 482 2298 poeta
503 2213 629 2281 voluit:
652 2213 724 2281 Inm
748 2213 796 2280 ibi
818 2213 918 2281 navis
939 2215 1025 2298 erat,
1045 2213 1103 2281 ubi
1122 2215 1318 2283 innumerae
1330 2215 1491 2300 cyclades

302 2335 372 2403 vim
404 2337 585 2403 ventorum
619 2335 857 2418 infringebant,
892 2351 985 2401 mare
1018 2339 1122 2404 vento
1153 2336 1268 2404 minus
1297 2337 1490 2420 expositum

301 2457 499 2525 eliciebant
538 2457 746 2540 Quicumque
779 2461 912 2541 praeter
944 2457 1028 2525 litus
1061 2457 1214 2526 occidens
1247 2457 1491 2526 Scandinaviae

302 2583 381 2650 navi
410 2597 573 2663 umquam
601 2582 722 2647 vectus
744 2579 819 2664 erit,
844 2579 935 2647 inter
958 2596 1052 2647 oram
1077 2597 1098 2646 a
1119 2580 1240 2647 dextra
1263 2581 1489 2662 pertinentem

301 2705 402 2786 atque
430 2701 559 2770 insulas
589 2701 786 2769 innumeras
816 2718 983 2786 rupesque
1012 2699 1202 2769 salebrosas
1231 2701 1370 2768 ebera
1392 2701 1488 2784 sites,

301 2824 419 2890 statim
460 2823 540 2906 quid
574 2829 673 2908 poeta
706 2823 853 2891 voluerit
885 2826 1046 2906 agnoscet
1078 2839 1187 2906 neque
1220 2822 1366 2906 amplius
1400 2822 1490 2889 bunc

300 2943 409 3012 locum
432 2948 630 3028 suspectum
652 2943 797 3012 habebit.
820 2943 963 3025 Insuper
985 2942 1027 3010 oi.
1051 2941 1111 3009 ΙΙΙ.
1137 2943 1222 3012 437:
1244 2942 1366 3010 dubiae
1385 2943 1490 3010 motis

301 3065 467 3133 radicibus
501 3066 641 3134 obstant
676 3065 846 3150 Cyclades,
877 3081 925 3131 sc.
956 3063 1072 3131 ventis
1100 3082 1122 3132 a
1152 3063 1309 3148 Neptuno
1331 3081 1375 3132 ex
1393 3062 1490 3131 Aeoli

300 3203 430 3255 carcere
452 3187 601 3255 dimissis
623 3188 775 3270 marique
795 3187 930 3267 Aegaeo
953 3185 1096 3269 iniectis,
1120 3185 1205 3252 Acb.
1229 3186 1255 3252 l.
1281 3186 1491 3269 204:p1acet

301 3308 349 3376 ire
368 3325 428 3391 per
444 3308 533 3375 altas
552 3305 722 3393 Cycladas,
736 3307 820 3373 390:
832 3307 986 3390 interque
997 3307 1141 3374 vadosas
1152 3305 1322 3391 Cycladas,
1336 3307 1490 3388 Aegaeae

300 3427 461 3512 frangunt
493 3429 553 3497 ubi
587 3445 671 3496 saxa
704 3427 875 3513 procellae,
908 3429 993 3496 530:
1017 3427 1114 3495 video
1136 3443 1196 3510 per
1218 3425 1379 3511 cycladas
1401 3427 1490 3495 altas

300 3569 372 3636 eq.
384 3570 413 3619 s.
436 3551 584 3618 Transeo
606 3565 696 3616 nunc
717 3548 760 3616 ad
783 3548 885 3615 Theb.
908 3547 971 3614 XI.
997 3547 1081 3615 521:

563 3673 606 3739 ut
628 3673 727 3738 nocte
747 3673 849 3752 rates,
873 3687 958 3754 quas
981 3671 1117 3738 nubilus
1139 3673 1269 3738 Auslar

389 3793 565 3878 implicuit,
589 3792 751 3873 liangunt
772 3795 890 3858 tonsas
912 3795 1163 3876 mutantque
1186 3792 1356 3875 rudentes,
1380 3809 1409 3860 e.
1418 3811 1450 3877 q.
1460 3813 1489 3860 s.

346 3916 484 3983 Praesto
515 3916 598 3981 sunt
624 3913 835 3980 coniecturae
866 3911 997 3979 Bartbii
1027 3913 1262 3998 mutuamque,
1288 3913 1409 3981 Slaterl
1430 3917 1491 3982 mi·

300 4040 461 4121 malque,
492 4033 666 4103 Willrinsii
692 4035 898 4116 maneque,
921 4033 980 4101 sed
1003 4051 1122 4102 rursus
1145 4035 1192 4102 nil
1215 4053 1298 4118 opus
1320 4039 1384 4115 est,
1409 4053 1489 4103 nam

301 4161 432 4226 mutum
452 4157 542 4225 idem
563 4159 618 4224 est
640 4155 727 4238 quod
751 4154 911 4236 frangunt
930 4155 1004 4222 sive
1023 4157 1275 4224 comminuunt:
1289 4159 1375 4226 male
1387 4159 1491 4240 igitur

302 4278 480 4347 scholiasta
505 4275 650 4360 explicat
671 4271 893 4342 ‘miscent’.
918 4275 993 4343 Iam
1017 4293 1095 4344 vero
1116 4277 1183 4345 duo
1207 4285 1396 4362 sequuntur
1417 4279 1488 4358 loci,

302 4400 359 4484 qui
379 4401 422 4468 ab
444 4397 615 4467 asteriscis
635 4400 738 4480 atque
760 4397 961 4464 coniecturis
983 4397 1158 4482 bucusque
1170 4397 1264 4466 liberi
1278 4403 1489 4478 mansemnt,

302 4521 397 4589 cuius
417 4521 465 4589 rei
487 4536 590 4588 causa
611 4534 692 4585 mox
714 4518 860 4602 patebit3
884 4517 973 4602 prior·
994 4523 1049 4585 est
1072 4520 1174 4588 Theb.
1198 4522 1274 4589 Vll.
1300 4522 1384 4588 206:

653 4656 796 4724 meaque
816 4643 871 4707 est
893 4639 1025 4708 motura
1045 4641 1201 4726 pigetque

390 4768 444 4831 tot
468 4767 641 4830 mutare
662 4761 810 4845 ammas,
833 4763 886 4829 tot
907 4761 1044 4828 reddere
1065 4780 1203 4845 corpora
1226 4765 1329 4832 ritae.

348 4885 497 4954 Verbum
530 4885 593 4953 hoc
625 4884 695 4952 loco
728 4882 864 4951 salvum
890 4883 1013 4952 abiisse
1036 4885 1186 4970 suspicor
1206 4889 1383 4970 propterca
1403 4888 1491 4972 quod

1358 5005 1374 5056 o
