3848 6006
924 840 989 908 297

368 1033 421 1098 pro
450 1017 550 1085 domo
578 1036 625 1086 an
648 1023 811 1103 tanquam
834 1022 993 1099 medicus,
1015 1022 1072 1104 qui
1096 1039 1161 1089 non
1184 1024 1281 1088 curat
1304 1022 1487 1103 seipsum,
1510 1038 1554 1087 ex

364 1137 405 1204 iis
425 1156 512 1222 quae
533 1143 724 1223 sequuntur
744 1143 935 1226 apparebit:
961 1160 1027 1210 non
1051 1143 1143 1209 enim
1162 1142 1203 1209 de
1224 1142 1446 1227 tyrannicidio
1463 1145 1554 1208 actu·

362 1277 421 1327 rus
450 1279 540 1339 sum,
562 1263 651 1345 quod
674 1262 742 1332 fere
764 1266 942 1347 exspectes
963 1266 1007 1332 ab
1028 1264 1249 1331 infestissimo
1271 1264 1409 1341 Iesuita‚
1433 1263 1491 1330 sed
1514 1262 1555 1329 de

362 1377 532 1466 Sophoclis
555 1384 646 1466 Rege
667 1385 831 1469 Oedipode
854 1385 1073 1453 restituendo.

406 1626 433 1693 L
463 1627 994 1699 oed.mvv.10840t1ost:

543 1749 622 1823 eorde
645 1750 673 1817 δ’
695 1751 792 1831 laprio
808 1738 855 1825 ὃς
879 1755 932 1818 οὐκ
952 1750 991 1820 ἂν
1015 1751 1166 1832 ἕξίλδσιιί
1192 1750 1237 1819 ἔτι

544 1873 614 1938 m’
638 1870 735 1945 ἄλλος
759 1870 833 1939 ὥστ’
854 1873 905 1952 ἔμ’
930 1875 1074 1951 ἐκμαθεῖν
1097 1873 1209 1953 τούμὸν
1232 1874 1318 1953 pluet
1339 1874 1372 1959 ¹).

407 1992 514 2075 Quem
544 1994 626 2062 baec
655 2012 722 2063 non
753 1998 958 2064 tentarunt?
987 1997 1069 2080 Quis
1100 1997 1182 2064 baec
1204 2013 1271 2063 non
1295 1996 1469 2063 tentavit?
1493 1997 1556 2064 Re·

363 2114 527 2181 centiores
546 2131 583 2182 re
602 2116 741 2184 tandem
759 2117 935 2200 desperata
953 2122 1137 2201 utrumque
1156 2135 1293 2185 versum
1312 2120 1374 2183 aut
1392 2117 1491 2184 uncis
1509 2118 1556 2183 in·

363 2234 504 2302 cludunt
522 2239 584 2303 aut
602 2237 825 2322 qualicunque
844 2240 940 2323 modo
951 2238 1130 2324 explicant.
1151 2240 1199 2306 De
1210 2239 1311 2323 priori
1323 2240 1391 2306 ista
1402 2238 1556 2307 medendi

363 2357 493 2424 ratione
521 2357 601 2441 quid
630 2361 780 2428 sentiam
809 2378 912 2445 supra
941 2362 1071 2429 dictum
1096 2365 1167 2444 sst;
1191 2365 1309 2428 contra
1332 2363 1557 2444 interpretum

364 2483 478 2545 autem
497 2481 675 2549 conamina
695 2482 787 2550 valet
805 2487 842 2549 et
856 2482 983 2550 valebit
1000 2483 1122 2565 duplex
1140 2482 1282 2550 Nauckii
1300 2486 1557 2564 argumentum:

368 2598 482 2687 „litos
515 2604 669 2670 entniebt
696 2603 768 2670 sich
798 2604 876 2672 dem
906 2604 1151 2671 Verstandniss
1181 2601 1249 2670 und
1280 2602 1357 2668 rori
1387 2604 1559 2671 erscheint

366 2724 475 2791 seiner
497 2724 651 2807 Stellung
674 2742 791 2807 wegen
814 2725 864 2794 als
886 2727 1111 2808 unmoglicb.”
1131 2726 1344 2809 Inquiramus
1364 2726 1468 2807 igitur
1486 2743 1558 2809 pos·

366 2845 456 2913 sitne
478 2845 651 2915 lenissima
675 2848 840 2915 medicina
861 2848 1011 2916 adbibita
1034 2848 1170 2915 restitui
1193 2848 1372 2923 sententia,
1395 2863 1499 2930 quam
1522 2850 1558 2914 et

367 2984 420 3034 res
449 2969 525 3051 ipsa
555 2967 707 3051 postulat
730 2973 766 3036 st
788 2968 975 3036 Scholiasta
997 2968 1249 3036 Laurentianus
1269 2968 1390 3048 legisse
1414 2968 1557 3035 videtur.

409 3089 596 3173 Postquam
624 3107 681 3157 vv.
708 3090 796 3157 1076
825 3107 872 3156 ss
896 3090 985 3155 dixit
1008 3089 1171 3172 Oedipus:
1203 3089 1316 3165 rotato
1340 3087 1367 3153 δ’
1392 3085 1455 3167 ἐγώ

365 3210 476 3288 σπέρμ’
496 3209 570 3275 ἰδεῖν
587 3210 796 3289 βουλήσομαι,
816 3229 875 3296 per
894 3227 956 3277 sex
976 3228 1095 3278 versus
1113 3211 1292 3278 contimos
1307 3212 1417 3294 pergit
1435 3211 1557 3277 dicere:

369 3350 591 3419 „quamquam
610 3332 752 3410 Iocaste,
773 3333 893 3400 mulier
911 3334 1063 3418 superba,
1085 3331 1263 3410 turpium
1283 3335 1337 3406 rip
1359 3333 1434 3408 ἐμὴν
1446 3332 1560 3414 alexi·

365 3476 461 3530 erras,
496 3453 652 3537 equidem
686 3454 791 3522 bonae
825 3454 994 3522 Fortunae
1027 3454 1134 3521 illium
1169 3471 1224 3522 me
1255 3455 1366 3538 ipsum
1398 3458 1560 3537 reputans

365 3575 496 3657 generis
525 3574 669 3642 dedecus
699 3592 766 3642 non
798 3575 935 3643 timeo.”
967 3574 1038 3643 Nec
1069 3575 1143 3643 sins
1169 3593 1290 3643 causa:
1324 3577 1359 3642 in
1383 3575 1446 3641 boc
1468 3575 1560 3642 enim

364 3696 534 3780 proposito
553 3695 765 3778 exsequendo
783 3698 858 3762 tota
875 3695 1033 3779 deinceps
1052 3696 1221 3777 tragoedia
1231 3695 1452 3762 consumitur.
1474 3696 1559 3778 Quid

364 3806 441 3901 ergo
472 3816 582 3898 magis
611 3821 876 3883 consentaneum
907 3821 944 3884 et
974 3818 1051 3883 buic
1077 3817 1148 3884 loco
1170 3820 1206 3884 et
1229 3817 1404 3901 Oedipodis
1427 3817 1560 3898 ingenio

365 3956 467 4021 quam
497 3941 539 4004 ut
567 3937 716 4018 graviter
738 3937 863 4005 iterum
885 3943 1073 4005 asseveret:
1098 3937 1150 4002 xci
1177 3942 1308 4006 τοιοῦτος
1334 3936 1481 4016 πεφυκώς
1507 3938 1560 4002 οὐκ

365 4058 479 4133 ὀκνήσω
512 4057 547 4121 τὸ
578 4056 665 4134 ptrue
698 4054 889 4137 ἐξερευνῆσσσ
914 4058 948 4123 τὸ
974 4058 1117 4138 ἡμέτερον
1140 4058 1262 4140 <Schol.
1286 4060 1430 4138 Laur.)?
1452 4059 1561 4141 Atqui

365 4182 396 4248 si
425 4181 462 4247 in
492 4196 543 4246 vs.
579 4178 665 4245 1085
699 4196 769 4245 una
799 4178 950 4246 litterula
978 4183 1142 4261 mutetur,
1175 4178 1256 4246 haec
1286 4179 1360 4261 ipsa
1390 4177 1562 4246 sententie

365 4302 492 4368 orietur
519 4303 556 4366 et
585 4300 686 4366 simul
718 4299 879 4365 mendum
903 4300 1083 4366 metricum
1107 4299 1255 4366 tolletur.
1280 4300 1344 4366 Pro
1368 4300 1438 4362 ποτ’
1463 4296 1560 4370 laice

365 4423 533 4489 scribatur
555 4419 639 4486 πόδ’
663 4417 821 4485 taaoc’:
846 4422 916 4486 iam
940 4438 1008 4486 non
1031 4421 1096 4486 aiio
1120 4420 1306 4503 dimetior,
1331 4438 1399 4486 non
1422 4422 1486 4486 atio
1510 4438 1562 4485 mc

365 4546 504 4626 nomm,
528 4545 567 4609 ut
589 4541 722 4610 tandm
745 4559 851 4625 penus
874 4559 986 4608 mcum
1012 4559 1215 4624 copnoscom.

366 4711 563 4723 ——-—

402 4802 427 4862 i)
443 4800 484 4851 ste
502 4800 675 4852 laudumnus
690 4801 779 4868 prims,
793 4817 843 4851 non
857 4798 925 4851 tien
940 4801 981 4863 μέ
1000 4801 1067 4852 vocis
1083 4798 1125 4864 ἔμ’
1141 4801 1241 4868 spiritns
1256 4802 1281 4852 in
1297 4800 1379 4852 codiee
1393 4807 1431 4853 ert
1445 4801 1564 4855 residuus.
