3848 6006
805 838 869 905 103

419 1017 513 1085 Ἀλλ’
536 1019 563 1085 εί
588 1017 646 1097 μίν
668 1027 827 1101 ταχυτῆτι
852 1019 949 1089 ποδο”νν
972 1020 1056 1100 νίκην
1077 1047 1125 1094 τοο
1149 1020 1250 1105 ἄροντο

510 1126 527 1202 η
552 1124 787 1208 πενταθλεύων,
811 1125 889 1194 ἔνθα
916 1128 988 1201 Δνδο
1011 1127 1136 1206 alpem

510 1339 650 1407 ὀσποῒσίν
673 1341 701 1406 ν’
725 1340 771 1418 είη
794 1339 966 1424 ενδρίτερος
989 1346 1137 1424 προσορᾶν

418 1445 473 1512 κπί
495 1471 531 1512 νε
554 1446 708 1529 προεδρίην
732 1450 866 1530 Φονερίρν
890 1448 921 1513 ίν
944 1452 1061 1528 ἀνῶσιν
1084 1447 1186 1530 ἄροντο

510 1553 565 1619 νεοοί
587 1577 639 1618 πεν
662 1552 724 1618 σῖτ’
749 1552 794 1629 είη
818 1553 969 1634 δημοσίων
992 1555 1126 1621 κτεάνων

417 1766 470 1834 οὖν
495 1766 547 1834 itu
569 1765 654 1847 ἄξιος
676 1765 776 1848 ὥσπερ
800 1767 882 1849 lyci·
906 1768 1007 1850 ροίριης
1030 1769 1094 1852 γὰρ
1117 1769 1248 1847 οίμείνονν

507 1873 619 1957 ἀνδρῶν
642 1874 686 1950 ηδ’
709 1871 809 1940 ἵππονν
834 1875 966 1956 ἧμετίρη
990 1875 1084 1958 σοφίη
1302 1883 1384 1946 cett.

136 2085 139 2089 ,
283 2027 384 2094 Patet
406 2027 575 2109 igiturex
598 2029 720 2112 quibus
742 2028 893 2096 lontibus
915 2029 997 2097 haec
1019 2030 1062 2099 de
1083 2030 1220 2097 Socrate
1244 2035 1431 2100 memorate

237 2148 356 2233 proilni
386 2149 570 2233 potuerint.
598 2149 685 2217 Cum
707 2168 787 2217 vero
811 2151 893 2217 haec
915 2151 987 2217 sola
1009 2151 1043 2216 in
1068 2149 1229 2234 Apologia
1251 2153 1323 2219 sint
1345 2171 1430 2236 qnae

237 2271 338 2338 fldem
359 2271 553 2339 historicam
576 2290 655 2355 prae
677 2289 715 2340 so
738 2272 903 2339 ferant-
924 2277 1057 2357 praeter
1076 2274 1109 2340 id
1128 2275 1214 2357 quod
1236 2275 1277 2341 de
1294 2275 1431 2343 Socrate

236 2395 372 2478 prytani
402 2396 440 2461 et
469 2394 512 2461 de
534 2394 644 2460 XXX
668 2394 779 2462 virum
802 2395 941 2478 imperio
965 2395 1115 2477 neglecto
1139 2396 1247 2463 obiter
1270 2413 1430 2464 memora·

237 2519 295 2582 tur
318 2552 351 2563 -
377 2515 432 2582 his
459 2518 576 2583 autem
602 2514 746 2583 sublatis
775 2519 888 2583 cetera
911 2516 994 2583 nihil
1017 2517 1083 2584 nisi
1105 2519 1270 2586 sermonis
1294 2519 1429 2585 moralis

236 2639 380 2705 formam
398 2636 601 2721 peculiarem
619 2639 801 2721 praebeant
819 2638 877 2721 qui
896 2655 974 2705 cum
989 2639 1111 2706 ceteris
1127 2638 1265 2722 dialogis
1277 2639 1429 2707 Platonis

237 2758 386 2827 maxime
415 2761 601 2836 cohaereat,
623 2759 776 2842 equidem
799 2760 962 2827 Schanzio
984 2761 1259 2844 adstipulandum
1279 2768 1370 2848 puto,
1393 2765 1429 2830 in

237 2881 397 2966 Apologia
426 2898 494 2948 non
513 2880 741 2948 defensionem
764 2900 808 2949 ex
831 2885 945 2949 mente
967 2882 1115 2950 Socratis
1137 2890 1428 2967 repraesentatam

236 3004 295 3070 ssd
312 3003 449 3071 liberam
468 3003 620 3071 Platonis
630 3003 906 3086 compositionem
919 3021 981 3071 nos
991 3004 1122 3087 habero,
1135 3022 1221 3087 quae
1233 3006 1427 3075 historicam

235 3127 275 3193 ut
287 3124 573 3193 aluntveritatem
583 3124 722 3192 minime
732 3128 837 3210 curet,
845 3125 926 3191 dum
935 3125 1037 3192 altius
1047 3127 1254 3209 propositum
1264 3129 1427 3211 sequitur.

281 3247 433 3331 Apparet
453 3247 558 3315 etlam
576 3246 699 3331 aliquid
717 3250 808 3314 certe
828 3247 953 3314 vidisse
972 3248 1084 3314 virum
1104 3248 1338 3316 doctissimum
1360 3251 1427 3318 Ast

235 3367 372 3448 (Plato’s
400 3367 513 3435 Leben
543 3385 577 3434 u.
609 3367 776 3435 Schridon
812 3368 896 3435 1816
928 3387 959 3452 p.
988 3368 1181 3450 dit-495)
1205 3371 1263 3452 qui
1286 3371 1426 3455 primus,

234 3490 322 3575 quod
355 3491 471 3569 sciam,
501 3489 699 3574 Apologiam
728 3490 859 3557 Platoni
888 3490 1107 3573 abrogaverit.
1139 3492 1250 3559 Nimis
1278 3491 1331 3559 ille
1357 3498 1428 3561 tur-

235 3611 389 3696 bulente3
409 3615 446 3680 et
464 3612 537 3696 ipse
555 3629 686 3696 qnoque
704 3612 739 3679 in
755 3629 793 3679 eo
808 3611 935 3679 fallitur
949 3613 1035 3696 quod
1050 3613 1091 3680 ad
1108 3630 1262 3680 normam
1279 3615 1427 3683 usitatae

235 3735 435 3803 defensionis
465 3735 554 3802 hunc
584 3751 774 3802 sermonem
804 3734 926 3815 exigit3
958 3736 1017 3801 sed
1048 3738 1163 3802 tamen
1188 3735 1314 3803 multas
1337 3740 1428 3803 recte

236 3857 441 3927 monstrarit
459 3855 675 3924 difficultates
694 3873 780 3940 quae
798 3856 953 3923 Schanzii
972 3857 1144 3923 sententia
1161 3857 1233 3924 sola
1251 3857 1426 3925 tolluntur.

281 3980 405 4064 Quodsi
426 3979 502 4063 quis
520 3978 631 4046 doleat
648 3978 705 4045 illa
723 3978 864 4061 probata
883 3978 1098 4061 praecipuum
1117 3979 1159 4046 de
1178 3977 1313 4046 Socrate
1333 3979 1427 4046 docu-

237 4106 391 4172 mentum
411 4101 609 4168 historicum
628 4099 722 4186 eripi,
745 4099 774 4167 is
793 4103 928 4183 reputet
950 4117 1018 4167 non
1042 4105 1114 4166 tam
1137 4117 1222 4183 opus
1244 4116 1319 4167 esse
1341 4100 1426 4167 scire

235 4225 315 4311 quid
347 4224 502 4292 Socrates
536 4240 595 4307 per
628 4238 666 4289 se
699 4221 802 4289 irrerit
831 4239 933 4306 quam
963 4221 1042 4304 qnid
1073 4220 1204 4288 Platoni
1232 4220 1427 4302 aequalibus

234 4347 379 4433 posteris
400 4344 556 4412 valuerit.
575 4343 730 4426 Namque
747 4360 947 4426 magnorum
963 4344 1114 4410 virorum
1132 4346 1169 4409 et
1187 4344 1325 4410 heroum
1347 4358 1427 4410 vera

235 4469 309 4538 vita
333 4485 401 4536 non
423 4466 478 4534 illa
501 4466 669 4533 cotidiana
690 4468 756 4544 est,
779 4480 865 4549 quae
888 4468 998 4532 morte
1021 4465 1234 4548 terminatur,
1259 4465 1318 4532 sed
1341 4482 1426 4547 quae

235 4608 324 4659 nova
347 4606 481 4674 semper
502 4587 690 4657 renascitur
711 4590 748 4654 et
771 4590 933 4670 perpetuo
956 4587 1050 4667 viget
1068 4587 1229 4669 floretque
1247 4587 1283 4652 in
1301 4586 1426 4654 animis

235 4712 383 4780 fidelium
405 4711 583 4780 cultorum.
