3848 6006
733 1718 783 1798 lle
813 1715 963 1798 telaria
991 1716 1196 1814 praetexta.

908 1939 1021 1977 ficum}

780 2105 812 2172 J.
844 2091 1141 2172 vitantium.

413 2536 621 2623 Relegebam,
647 2536 709 2604 Vir
732 2534 934 2618 clarissime,
958 2534 1143 2603 iucundum
1165 2533 1246 2600 illud
1270 2533 1440 2601 Ciceronis
1463 2550 1559 2617 opus·

367 2662 480 2729 culum
511 2660 552 2727 de
581 2659 773 2740 Senectute,
804 2656 892 2741 quod
915 2674 980 2739 quo
1004 2655 1110 2724 maior
1132 2672 1297 2723 annorum
1320 2655 1476 2723 increscit
1500 2674 1559 2724 nu·

369 2799 490 2864 merus,
513 2797 553 2849 eo
576 2780 684 2861 magis
707 2778 803 2846 notis
826 2777 984 2846 omnibus
1006 2776 1125 2860 placet.
1149 2777 1367 2844 Adveneram
1389 2777 1433 2844 ad
1456 2777 1559 2846 verba

368 2903 439 2970 'libi
469 2901 657 2987 notissima,
689 2900 812 2984 quibus
842 2900 926 2967 cato
955 2899 1146 2967 recordatur
1170 2899 1335 2982 Quintum
1357 2900 1556 2984 Maximum,

367 3040 466 3108 quem
500 3039 617 3090 senem
651 3022 701 3088 ita
734 3026 774 3089 ut
807 3021 981 3104 aequalem
1009 3021 1173 3088 dilexerat
1203 3021 1417 3088 adulescens:
1456 3021 1558 3108 „Erat

367 3145 456 3212 enim
486 3145 523 3210 in
552 3142 606 3210 illo
630 3143 702 3211 viro
725 3143 886 3210 comitate
907 3142 1042 3209 condita
1064 3143 1226 3226 gravitas.
1250 3143 1320 3210 Nec
1342 3161 1423 3211 vero
1445 3143 1499 3211 ille
1522 3145 1557 3212 in

367 3266 438 3333 luca
461 3266 559 3333 modo
580 3269 683 3349 atque
707 3265 741 3332 in
761 3265 865 3333 oculis
884 3265 1010 3332 civium
1030 3280 1186 3346 magnus,
1207 3265 1266 3332 sed
1286 3265 1382 3332 intus
1401 3266 1558 3348 domique

367 3387 602 3470 praestantior.
636 3387 699 3471 Qui
732 3387 862 3455 sermo!
903 3386 995 3468 Quae
1029 3387 1224 3469 praeceptat
1266 3387 1401 3471 Quanta
1436 3389 1559 3456 notitia

367 3508 598 3591 antiquitatisl
628 3508 748 3575 Omnia
778 3507 939 3575 memoria
970 3508 1112 3603 tenebat
1140 3524 1207 3575 uon
1230 3507 1416 3576 domestica
1437 3509 1556 3593 solum,

366 3629 424 3696 sed
447 3630 552 3697 etiam
574 3629 749 3697 externa''

411 3750 499 3817 'lum
524 3787 556 3799 -
582 3752 736 3834 ignoscas
758 3749 870 3834 palam
893 3750 1069 3818 confitenti
1095 3786 1126 3798 -
1150 3753 1230 3817 ante
1252 3752 1364 3819 oculos
1385 3751 1468 3819 mihi
1487 3771 1559 3820 sur·

366 3871 455 3938 rexit
488 3872 598 3953 imago
631 3872 778 3954 placidae
814 3872 905 3938 Tuae
939 3871 1090 3953 lenisque
1124 3872 1310 3939 senectutis
1340 3876 1418 3955 post
1448 3875 1557 3942 vitam

366 3993 477 4076 quiete
507 3997 544 4060 et
574 4011 656 4076 pure
685 3998 721 4061 et
750 3995 920 4074 eleganter
942 3997 1066 4061 actam.
1091 3993 1205 4076 Neque
1229 3994 1393 4073 dubitavi,
1416 3997 1497 4080 quin
1521 4001 1557 4062 et

367 4114 417 4180 Tu
445 4117 486 4181 ut
508 4114 648 4195 Gorgias
670 4115 858 4199 quaerenti,
881 4131 943 4181 cur
965 4113 1094 4180 tamdiu
1118 4113 1152 4179 in
1177 4114 1251 4181 vita
1274 4131 1348 4181 esse
1372 4115 1466 4198 velis,
1491 4134 1556 4182 ros·

365 4251 531 4317 pensurus
554 4251 664 4302 essee:
691 4236 795 4324 „nihil
817 4235 921 4302 habeo
944 4234 1031 4316 quod
1054 4252 1210 4302 accusem
1233 4235 1479 4303 senectutem.'’

409 4355 500 4438 Quae
523 4355 656 4423 utinam
680 4356 809 4423 diutius
831 4359 1006 4423 remaneat
1029 4356 1112 4442 Tibi,
1137 4359 1178 4423 ut
1201 4373 1291 4423 nunc
1309 4361 1381 4424 est:
1402 4357 1554 4434 εὐδαίμων

365 4474 493 4540 καὶτοῦ
518 4473 630 4555 τρέπου
652 4475 705 4541 cal
730 4481 788 4540 τῶν
812 4475 930 4555 tdyuvl

410 4717 480 4797 „De
499 4719 659 4788 Octaviae
678 4722 830 4804 tempore
849 4718 937 4803 quod
958 4719 1119 4786 Bucheler
1138 4718 1173 4785 in
1189 4718 1420 4788 Coniectaneis
1431 4720 1555 4789 statuit
1676 4720 1681 4729 '

363 4842 441 4908 octe
473 4839 623 4908 Tacitum
654 4842 816 4924 scriptum
845 4857 919 4908 esse
950 4839 1098 4907 fabulam
1124 4841 1325 4909 certissimis
1347 4843 1556 4925 argumentis
