3848 6006
807 1665 857 1749 Ειι
885 1667 963 1749 iure
991 1667 1118 1749 titiao.

728 2032 730 2036 ’
795 2058 826 2125 J.
860 2056 897 2124 c.
932 2057 1126 2124 nnana

412 2488 634 2556 inhonorem
657 2488 768 2568 tuum,
791 2483 841 2551 mi
864 2486 969 2566 pater,
992 2482 1117 2566 aliquid
1136 2483 1325 2566 scripturus
1343 2482 1464 2549 vellem
1483 2497 1558 2549 esse

363 2609 495 2693 copiam
525 2607 659 2675 inventi
688 2606 874 2683 cniusdam,
906 2605 994 2688 quod
1027 2609 1066 2672 tu
1094 2604 1191 2671 vaide
1213 2605 1350 2687 probare
1374 2621 1499 2687 posses,
1523 2604 1557 2670 id

364 2734 429 2809 est,
452 2746 494 2797 ex
517 2746 633 2797 eorum
657 2744 789 2810 genere,
809 2722 850 2798 οἷς
876 2727 894 2801 ἧ
917 2725 1089 2807 octonorio
1110 2724 1304 2808 ἀγάλλεται,
1324 2730 1361 2793 et
1379 2742 1418 2794 eo
1437 2727 1556 2808 magiS,

364 2852 452 2936 quod
481 2848 790 2934 inrisprudentiam,
820 2865 923 2932 qnam
946 2851 1006 2914 tuo
1029 2847 1187 2914 beneficio
1209 2847 1319 2925 didici,
1343 2847 1405 2914 tibi
1427 2848 1464 2915 in
1486 2847 1557 2914 dies

364 2973 480 3040 minus
500 2970 630 3055 plaeere
653 2970 760 3039 video.
783 2970 847 3036 Sed
869 2970 950 3053 quid
969 2969 1116 3037 seeum?
1134 2970 1344 3052 Amphoram
1361 2969 1440 3036 lieet
1460 2969 1558 3036 insti-

364 3098 460 3162 tuere
492 3093 668 3177 eoeperim
700 3095 856 3159 comente
889 3094 964 3158 rota
992 3095 1107 3158 temen
1139 3108 1260 3158 uroeus
1288 3092 1372 3174 exit,
1403 3092 1558 3175 quocirca

363 3216 462 3299 aequi
478 3214 622 3296 bonique
640 3212 875 3281 oonsultnrum
894 3215 930 3279 te
949 3229 1055 3296 spero,
1077 3213 1107 3279 si
1126 3213 1188 3279 hoo
1205 3228 1338 3296 quoque
1349 3217 1453 3295 eaput
1466 3214 1556 3281 siout

364 3341 476 3405 uetera
509 3351 587 3403 mea
617 3335 659 3402 de
687 3334 761 3401 iure
791 3333 903 3402 fuerit.
936 3332 1048 3411 Plane,
1081 3338 1120 3401 ut
1150 3333 1281 3401 facilius
1311 3351 1333 3400 a
1362 3337 1397 3400 te
1419 3335 1556 3403 veniam

364 3457 552 3540 impetrem,
576 3456 617 3523 de
639 3457 712 3523 iure
733 3456 877 3539 quidem,
903 3456 962 3524 sed
985 3457 1112 3540 Attico,
1130 3455 1367 3540 disputabitur,
1388 3456 1475 3539 quod
1494 3458 1557 3525 tibi

364 3579 480 3645 minua
507 3577 657 3645 invisum
687 3577 735 3645 sit
757 3580 890 3662 oportet
912 3579 949 3645 et
970 3578 1108 3661 originis
1129 3579 1260 3646 ratione
1282 3579 1395 3646 habita
1419 3579 1456 3646 et
1478 3579 1558 3661 quia

363 3700 395 3767 ei
417 3699 585 3782 primitias
607 3700 733 3782 ingenii
755 3701 808 3766 tui
830 3700 901 3782 ipse
924 3717 1037 3767 moras
1060 3718 1135 3767 esse
1157 3699 1305 3767 voluisti.
1329 3700 1418 3767 Sunt
1440 3705 1556 3768 autem

363 3822 405 3890 de
434 3823 508 3890 inre
538 3822 657 3890 Attico
678 3821 843 3905 quaedam
867 3822 1027 3900 nondum,
1051 3822 1177 3905 opinor,
1201 3822 1448 3898 animadversa,
1472 3839 1557 3905 quae

363 3959 524 4025 oognosse
552 3942 665 4027 refert,
697 3942 792 4011 velim
813 3944 893 4010 hoo:
917 3943 1069 4011 formulis
1091 3943 1231 4028 litigare,
1257 3943 1376 4029 idest,
1402 3944 1492 4011 datis
1514 3944 1557 4011 ad

363 4066 508 4134 iudicem
539 4084 561 4133 a
588 4065 791 4148 magistratu
819 4065 978 4150 epistolis,
1011 4069 1132 4148 quarto
1156 4066 1274 4148 utique
1296 4065 1429 4133 saeculo
1452 4066 1558 4132 Athe-

364 4187 539 4254 niensibus
567 4185 673 4255 fuisse
702 4187 873 4255 solemme.
905 4186 1043 4254 Etenim
1073 4190 1194 4253 notum
1224 4191 1287 4265 est,
1317 4186 1464 4253 Athenis
1486 4188 1557 4258 τοὺς

364 4307 597 4389 τετταράκοντα
617 4326 676 4378 eas
695 4325 760 4393 res,
780 4326 867 4392 quae
885 4313 1002 4376 essent
1022 4306 1094 4389 ὑπῖρ
1107 4305 1181 4372 δέκα
1194 4306 1353 4388 δραχμῶν,
1366 4306 1557 4388 παραδοῦναι

363 4431 482 4500 solitos
514 4436 578 4503 τοῖς
613 4427 788 4504 διαιτηταῖς
805 4426 836 4511 ¹),
872 4428 962 4496 seut
995 4431 1184 4512 praetorem
1218 4429 1411 4496 Romanum
1445 4428 1555 4495 iudici

364 4553 472 4620 Erant
500 4554 618 4620 antem
644 4549 671 4616 oi
695 4547 942 4630 τετταράκοντα,
963 4549 1006 4617 ad
1027 4567 1112 4633 quos
1133 4550 1169 4616 in
1192 4549 1247 4616 ius
1269 4550 1460 4618 adeundum
1483 4553 1558 4618 erat

399 4819 425 4884 1)
442 4819 553 4883 rems,
568 4836 632 4889 sup.
648 4821 738 4873 aaa.
756 4819 788 4872 so
805 4823 818 4885 ι
837 4822 859 4872 ι.
877 4820 940 4874 rura
959 4821 991 4872 sa
1007 4823 1020 4885 ι
1036 4822 1053 4872 a
1070 4827 1108 4873 aa
1123 4819 1267 4874 morosa.

1426 4921 1456 4971 ιι
