3848 6006
708 1646 978 1752 Τυραννικά.

571 2035 611 2101 R.
636 2032 735 2102 VAN
756 2033 1028 2102 OPPuNRAAY
1051 2051 1079 2100 s.
1092 2036 1120 2102 J.

337 2464 399 2532 llte
420 2482 476 2548 eqo
500 2466 561 2549 qai
582 2465 753 2549 qrwmm
774 2466 898 2548 qracilt'
919 2464 1111 2532 modalolm
1132 2482 1238 2531 abaco

341 2586 488 2652 Carmen
511 2587 541 2652 te
559 2585 750 2670 plaudente.
773 2589 819 2653 At
842 2603 936 2653 cunc
957 2586 1132 2653 horrentia
1232 2603 1285 2652 me
1307 2585 1396 2650 arlia

245 2707 383 2774 educas
403 2707 600 2791 certamina,
620 2709 656 2774 te
673 2707 799 2775 iterum
817 2709 935 2789 iudice,
954 2708 1039 2774 inire
1057 2707 1196 2774 ridebis.
1219 2706 1341 2788 Quodsi
1360 2705 1442 2772 haec

245 2827 345 2895 laude
374 2831 435 2895 tua
467 2828 581 2896 minus
610 2828 711 2909 digna
733 2829 860 2896 moriat
881 2846 984 2912 quam
1006 2828 1098 2906 illud,
1122 2828 1274 2912 placeant
1297 2827 1357 2894 tibi
1381 2827 1440 2893 sal·

247 2956 322 3017 tem
350 2949 439 3031 grati
468 2949 576 3016 animi
605 2966 737 3032 senem,
767 2949 825 3033 qui
848 2967 903 3017 me
927 2949 1144 3032 induxerunt,
1168 2951 1209 3015 ut
1232 2965 1311 3015 cum
1335 2947 1441 3012 tantis

247 3072 332 3140 viris
355 3071 512 3140 tantulus
532 3072 575 3139 ad
598 3075 634 3138 te
656 3071 889 3153 gratulaturus
911 3070 1077 3139 acreum.

294 3192 405 3261 Pauca
439 3193 582 3275 praefari
615 3191 716 3260 liceat
748 3191 860 3260 dees
890 3193 1079 3259 studiorum
1110 3195 1303 3258 nostrorum
1334 3193 1440 3272 parte,

248 3331 334 3397 quae
363 3315 398 3382 in
426 3314 643 3382 emendandis
665 3315 815 3397 antiquis
837 3313 1004 3381 codicibus
1027 3317 1193 3397 vomatur,
1218 3317 1259 3380 ut
1281 3315 1442 3396 appareat

247 3436 279 3502 si
301 3437 415 3504 minus
432 3436 605 3517 ingeniose
623 3452 722 3518 posse
740 3439 887 3504 atcerte
905 3438 996 3502 recte
1016 3435 1100 3502 velle
1119 3452 1140 3502 a
1160 3436 1204 3519 te,
1223 3435 1441 3502 cautissimae

247 3557 407 3625 audaciae
430 3558 513 3641 viro,
536 3574 600 3625 nus
621 3557 788 3626 didicisse.
812 3557 1024 3640 Quamquam
1043 3558 1135 3624 enim
1154 3557 1294 3624 feliciter
1312 3557 1442 3624 iactum

247 3696 325 3748 esse
345 3679 516 3758 existimo,
540 3679 628 3762 quod
651 3679 757 3745 nimia
778 3677 964 3759 corrigendi
987 3678 1086 3745 libido
1109 3679 1320 3761 aliquantum
1340 3678 1442 3745 deler-

249 3802 334 3884 buit,
356 3818 474 3872 vereor
491 3806 617 3882 tamen,
638 3817 681 3868 ue
700 3799 852 3867 nonnulli
872 3801 1017 3868 editores
1036 3802 1071 3867 in
1092 3802 1216 3868 vitium
1234 3803 1441 3868 contrarium

248 3923 394 4007 prolapsi
423 3923 528 3990 etiam
558 3922 674 4005 inepta
703 3921 855 4003 religiose
884 3939 1031 4000 servare,
1061 3925 1198 3990 servata
1227 3922 1443 4006 interpretari

247 4043 360 4110 invita
390 4042 541 4110 Minerva
571 4046 746 4110 conentur.
777 4042 870 4125 Quod
899 4060 979 4109 cum
1009 4043 1071 4109 flat
1098 4041 1250 4109 inlibris
1273 4043 1315 4108 ad
1339 4060 1441 4110 usum

248 4164 438 4233 scholam
464 4165 523 4247 qui
552 4163 721 4240 dicuntur,
753 4163 936 4246 plurimum
967 4162 1094 4231 scilicet
1124 4164 1216 4230 valet
1241 4163 1283 4230 ad
1306 4182 1440 4248 persua·

248 4285 397 4354 dandum
419 4285 542 4368 pueris,
564 4284 768 4368 quibuslibet
791 4285 902 4351 verbis
919 4283 1052 4350 Latinis
1070 4287 1106 4350 et
1124 4284 1262 4350 Graecis
1280 4284 1443 4366 quidlibet

249 4406 390 4473 subesse
407 4422 504 4488 posse
511 4425 520 4484 ;
553 4422 618 4487 quo
639 4406 718 4489 quid
743 4406 852 4486 magis
875 4405 1100 4489 perniciosum
1123 4408 1226 4487 atque
1248 4423 1327 4471 cum
1350 4410 1442 4471 recta

247 4526 464 4594 institutione
494 4527 608 4593 minus
636 4526 866 4592 conveniens?
895 4525 1011 4592 Satius
1039 4525 1142 4591 luerit
1172 4525 1253 4592 locis
1275 4527 1441 4609 corruptis

247 4646 303 4714 vel
325 4646 474 4714 obscuris
496 4649 614 4714 notam
635 4663 801 4730 apponere
819 4650 856 4712 et
875 4646 974 4713 lateri
992 4647 1061 4713 ista
1080 4647 1247 4714 medicum
1269 4648 1321 4715 vel
1341 4649 1441 4715 inter·

247 4770 381 4851 pretam
414 4767 567 4850 opperiri.
601 4767 641 4834 Iu
674 4768 878 4836 editionibus
912 4768 1020 4835 doctis
1054 4773 1171 4836 autem
1202 4768 1325 4851 aliquid
1358 4788 1440 4838 sane
