3848 6006
930 848 992 917 281

365 1048 470 1115 quum
504 1030 672 1097 elementa
704 1054 725 1096 τ
755 1034 793 1098 et
822 1054 846 1110 γ
876 1031 912 1097 in
942 1031 1080 1116 papyris
1110 1032 1228 1114 utique
1256 1033 1510 1098 commutentur
1525 1029 1559 1107 ¹),

364 1152 502 1235 proinde
524 1152 777 1220 cancellandum
794 1159 849 1227 rste
871 1170 933 1220 nec
949 1153 1039 1220 aliud
1051 1136 1184 1220 iussum
1195 1153 1359 1220 Ponatem
1371 1152 1437 1219 nisi
1449 1152 1560 1218 iurare

363 1272 579 1356 aliquantum
595 1272 743 1357 pulveris
761 1290 804 1341 ex
824 1274 897 1357 ipso
916 1274 1058 1341 contlnio
1076 1273 1155 1341 lecti
1171 1274 1328 1340 manibus
1338 1276 1513 1340 tenentem
1522 1269 1559 1352 ¹).

364 1395 448 1462 Post
469 1394 557 1479 quod
580 1393 672 1463 locos
694 1395 877 1478 pertinebit
899 1413 968 1463 non
989 1395 1032 1463 ad
1053 1397 1109 1469 vlo
1132 1393 1258 1472 lenduno
1281 1394 1339 1461 sed
1362 1395 1404 1461 ad
1427 1392 1559 1476 aliquod

363 1515 618 1600 superstitionis
648 1532 765 1597 genus.
801 1516 876 1583 Erit
909 1516 964 1583 hic
998 1516 1238 1598 disputationis
1271 1515 1360 1590 duis.
1396 1532 1463 1581 non
1494 1516 1560 1582 erit

364 1636 532 1705 sermonis
554 1653 655 1721 quem
678 1641 792 1706 tecnm
816 1638 911 1705 hodie
933 1637 1080 1705 institui.
1103 1638 1239 1705 Etenim
1262 1637 1375 1705 nudus
1399 1653 1560 1720 nmquam

364 1760 477 1843 aptior
498 1758 592 1828 locus
612 1759 714 1827 datus
736 1763 792 1826 est
810 1759 864 1826 vel
881 1763 995 1842 potest
1013 1759 1140 1843 sperari
1159 1758 1379 1840 significandi,
1392 1762 1561 1841 quantum

365 1882 428 1949 tibi
451 1899 508 1949 me
528 1881 647 1949 debere
668 1881 816 1949 sentiam
838 1880 927 1964 patri
948 1880 1185 1963 magistroque.
1209 1880 1281 1963 Quo
1299 1883 1442 1962 utroque
1460 1877 1561 1945 titulo

366 2001 450 2070 nihil
476 2003 577 2070 homo
599 2002 728 2070 honuni
750 2006 924 2085 praestare
946 2005 1071 2085 potest,
1092 2001 1175 2085 quin
1198 2001 1231 2069 id
1256 2001 1339 2068 mihi
1361 2005 1401 2068 tn
1424 1999 1561 2083 praesti·

367 2124 461 2191 teris.
485 2123 579 2207 Quod
597 2128 653 2191 est
670 2124 796 2208 patris:
818 2124 998 2191 infantiam
1018 2140 1130 2191 meam
1152 2123 1348 2206 apericulis
1366 2123 1562 2204 insidiisque

367 2249 505 2314 tutatus
526 2263 575 2325 es,
598 2247 779 2332 pueritiam
802 2246 981 2328 diligenter
1001 2245 1189 2323 excoluisti,
1209 2245 1473 2313 adulescentiam
1492 2262 1561 2311 om·

368 2369 467 2436 nibus
503 2367 668 2452 exemplis
701 2369 794 2436 vitae
828 2384 932 2451 purae
966 2371 1003 2435 et
1036 2385 1058 2434 a
1091 2366 1182 2434 mala
1215 2367 1401 2450 cupiditate
1434 2365 1562 2433 alienae

368 2490 599 2559 corroborasti.
633 2491 764 2558 Horum
791 2489 927 2572 quidem
957 2507 1035 2573 pars
1065 2505 1189 2571 magna
1218 2488 1285 2556 init
1316 2490 1435 2569 mater,
1459 2505 1562 2571 quam

369 2612 430 2679 tibi
460 2612 658 2680 etiamnunc
679 2614 756 2694 poet
777 2628 891 2678 rerum
913 2614 967 2680 tot
989 2611 1244 2679 vicissitudines
1266 2610 1381 2677 divino
1404 2609 1563 2677 beneflcio

369 2739 558 2802 consortem
580 2733 771 2817 sociamque
792 2734 930 2801 annuus
952 2734 1088 2816 quidem
1110 2736 1246 2816 captam
1268 2732 1460 2815 ceteroquin
1479 2731 1563 2798 bene

369 2872 489 2923 sanam
517 2871 653 2938 corpore
680 2855 860 2938 animoque
888 2856 1016 2939 adesse,
1046 2855 1081 2922 id
1103 2872 1183 2923 vero
1205 2854 1314 2921 hercle
1336 2870 1470 2921 omnem
1493 2870 1563 2934 grs-

369 2978 568 3046 tulationem
591 2977 733 3046 excedit
754 2977 819 3045 Sed
838 2979 1009 3062 pmprium
1028 2982 1138 3062 tuum,
1151 2979 1239 3062 quod
1251 2977 1424 3059 ingenium
1436 2992 1562 3054 meum,

370 3099 609 3184 qualecumque
631 3102 697 3183 est,
715 3116 822 3182 paene
840 3099 932 3167 solos
950 3098 1091 3181 finxisti,
1112 3103 1150 3167 tu
1170 3100 1263 3167 solus
1282 3099 1436 3166 animum
1447 3114 1563 3164 meum

369 3221 520 3289 omnium
547 3238 661 3289 rerum
684 3222 815 3305 notitia,
840 3220 962 3306 quibus
983 3221 1128 3289 liberalis
1150 3238 1172 3287 a
1195 3221 1326 3288 sordido
1349 3219 1562 3300 discernitur,

369 3341 577 3425 instruxisti,
603 3340 637 3408 id
659 3342 803 3426 denique
826 3343 988 3423 magister
1009 3343 1203 3424 impertisti,
1228 3342 1316 3425 quod
1340 3342 1466 3408 summi
1492 3339 1562 3409 loco

370 3462 520 3530 beneficii
554 3479 676 3546 ponere
709 3464 808 3549 soleo,
844 3481 896 3546 ne,
932 3464 1021 3531 sicut
1056 3463 1212 3548 plerique,
1247 3468 1327 3531 ante
1358 3465 1561 3531 servitutem

370 3583 569 3651 Germanice
590 3583 645 3651 vel
667 3583 806 3665 anglice
828 3583 990 3652 crocitare
1012 3600 1110 3665 cogar
1132 3589 1194 3652 aut
1217 3585 1324 3652 silere.
1350 3584 1447 3651 Multi
1470 3587 1562 3667 suot,

369 3705 426 3788 qui
460 3704 522 3771 hcc
551 3704 709 3772 volumen
740 3706 828 3786 grati
851 3721 931 3785 erga
952 3707 989 3773 te
1012 3705 1117 3772 animi
1140 3705 1336 3773 testimonio
1359 3723 1421 3772 sno
1444 3721 1563 3772 ornare

370 3824 561 3894 voluerunt
592 3825 657 3894 Sed
679 3825 762 3893 nulli
785 3844 888 3894 causa
910 3827 1031 3894 iustior
1053 3844 1156 3909 quam
1180 3827 1273 3894 mihi.
1297 3829 1420 3894 Restat
1442 3845 1563 3894 unum.

370 3945 529 4028 attigisti
565 3949 605 4014 tn
634 3947 769 4030 quidem
799 3946 953 4026 longaevi
982 3947 1129 4015 hominis
1159 3950 1317 4032 aetatem,
1342 3951 1497 4016 attamen
1521 3965 1564 4015 ne

371 4072 545 4153 propterea
578 4067 731 4136 animum
761 4069 939 4137 demittere
969 4069 1065 4152 velis,
1095 4086 1202 4152 quum
1234 4069 1349 4136 tutum
1372 4069 1563 4152 prospicias.

371 4190 476 4271 Vrges
506 4187 664 4273 salesque
692 4188 791 4273 plena
820 4191 966 4274 corporis
990 4190 1183 4258 valetudine
1205 4190 1346 4271 integris
1369 4190 1475 4256 animi
1497 4207 1564 4256 cor·

371 4310 526 4395 purisque
543 4311 681 4378 viribus.
701 4311 791 4393 Quae
809 4312 888 4379 licet
905 4317 1062 4380 aeternae
1082 4328 1157 4379 esse
1176 4313 1397 4396 nonpossint,
1410 4316 1563 4379 attamen

294 4410 297 4417 ¹
371 4431 492 4508 sesols,
511 4431 671 4514 quamdin
690 4431 743 4499 uti
761 4432 805 4499 iis
821 4435 912 4500 recte
931 4433 992 4499 tibi
1004 4431 1086 4499 deus
1098 4433 1326 4515 permissums
1338 4433 1393 4499 sit.
1406 4432 1564 4514 Quocirca

406 4660 432 4723 1)
448 4658 609 4720 Gndnsiu,
625 4657 780 4725 Restm
797 4658 824 4708 in
841 4658 882 4710 die
898 4659 1028 4726 Papyruek.
1046 4659 1133 4722 (1⁹00)
1150 4674 1174 4725 p.
1193 4659 1234 4710 24.

406 4742 433 4806 Β)
448 4741 513 4808 Ergo
536 4748 602 4794 reete
626 4741 681 4792 loeo
705 4741 801 4808 gannim
823 4741 879 4804 (eol.
901 4741 914 4792 1
938 4742 982 4793 lin.
1008 4743 1048 4804 lt)
1071 4741 1195 4807 supplerit
1217 4740 1565 4791 WilsmowitnMoellendortl

373 4825 489 4888 Λιβέντι
504 4826 572 4888 (pllio
588 4840 638 4876 noa
654 4823 710 4888 (τὴν
726 4825 792 4889 ylio.
