3848 6006
432 1696 615 1779 teverti
645 1699 801 1782 mutanti
832 1720 899 1784 usu
929 1699 1023 1800 aqud
1055 1700 1088 1781 Ρ.
1119 1699 1298 1800 Papirium
1327 1700 1489 1784 Statium.

904 1925 1016 1962 anunm

802 2088 839 2154 Ρ.
863 2088 905 2155 n
931 2071 1118 2156 nauem.

407 2471 559 2540 Statium
590 2472 693 2539 verbo
724 2472 877 2540 mutandi
909 2473 1109 2540 ereberrime
1137 2473 1342 2541 delectatum
1372 2491 1458 2556 esse,
1489 2475 1558 2542 inm

364 2593 487 2661 Petrus
510 2594 727 2660 Burmannus
749 2593 793 2660 ad
816 2590 888 2660 Vel.
909 2593 958 2660 ll.
978 2593 1258 2675 urgentium
1277 2594 1479 2679 observavit,
1501 2597 1559 2664 aad

363 2715 405 2783 de
427 2715 532 2783 varim
555 2715 748 2783 notionibus
770 2715 891 2799 quibus
914 2732 954 2783 eo
977 2716 1078 2783 verbo
1097 2733 1182 2784 usus
1200 2718 1264 2794 est,
1284 2717 1373 2800 apud
1389 2718 1559 2786 neminem

364 2837 545 2922 quidquam
576 2837 770 2922 expositum
794 2838 909 2905 inveni
928 2840 1071 2920 excepta
1093 2838 1186 2906 brevi
1210 2837 1370 2906 Vollmeri
1392 2840 1559 2908 annotati·

364 2957 487 3027 uneule
510 2959 552 3026 ad
575 2958 657 3026 Silv.
679 2958 740 3025 IV.
764 2959 796 3025 8.
822 2959 876 3037 34,
900 2958 941 3027 de
964 2977 1032 3044 qua
1054 2976 1135 3027 mox
1154 2959 1352 3028 videbimus.
1373 2960 1559 3030 Attamen

365 3096 417 3147 ree
440 3080 640 3161 dignIeeima
662 3081 718 3146 eat
738 3080 782 3147 ad
805 3097 908 3163 quam
931 3082 1085 3147 animum
1108 3081 1339 3149 attendamus.

408 3201 694 3284 Significationem
736 3201 851 3269 minue
890 3202 1065 3284 vulgarem
1104 3202 1343 3288 distinguendi,
1379 3203 1558 3283 inficiendi,

366 3322 556 3392 maritandi
584 3323 674 3405 apud
705 3322 891 3405 Vergilium
922 3324 991 3391 iam
1022 3323 1167 3409 reperiri,
1192 3324 1280 3406 apud
1304 3323 1455 3393 Statium
1479 3344 1559 3395 vero

365 3447 575 3530 frequentem
605 3461 691 3528 asae,
723 3445 759 3512 in
787 3445 1025 3529 mnemosynes
1047 3443 1121 3512 Vol.
1145 3445 1304 3514 XXXVI
1327 3464 1358 3529 p.
1383 3449 1426 3515 61
1452 3465 1559 3532 nuper

365 3567 597 3635 demonstrari
626 3567 739 3634 allatis
768 3564 934 3649 exemplis
965 3565 1066 3648 Verg.
1098 3565 1165 3633 Ilei.
1199 3567 1231 3634 4.
1263 3567 1558 3645 4431557155.

365 3689 441 3757 VH.
475 3689 531 3765 71,
553 3687 617 3754 IX.
641 3687 718 3772 257,
742 3687 819 3773 359,
851 3688 975 3771 quibus
1001 3686 1083 3754 haec
1113 3687 1179 3753 duo
1210 3687 1326 3755 addita
1344 3690 1413 3756 iam
1437 3691 1557 3759 velim:

366 3810 469 3878 Theb.
493 3810 557 3876 IX.
581 3809 666 3876 703:
690 3809 841 3877 nondum
866 3811 1064 3876 mutatae
1087 3825 1183 3876 rosea
1204 3808 1363 3890 lanugine
1386 3811 1504 3891 malae,
1523 3816 1560 3881 et

366 3931 448 3999 Stlv.
477 3931 535 3998 111.
560 3931 592 3996 3.
617 3931 678 4000 67:
702 3930 843 3998 vixdum
866 3947 924 3997 ora
947 3946 1036 3997 nova
1058 3931 1260 3997 mutante
1282 3931 1434 4010 iuventa,
1457 3937 1560 4016 atque

366 4070 426 4137 pro
459 4055 617 4135 corrupta
649 4050 791 4120 lectione
821 4051 964 4118 undabit
992 4051 1028 4118 in
1051 4051 1136 4118 Aah.
1160 4052 1186 4118 1.
1210 4054 1254 4120 87
1278 4069 1395 4121 veram
1418 4056 1561 4123 mutabit

366 4173 594 4258 reponendam
615 4190 690 4242 esse
713 4173 841 4241 monui.

412 4295 512 4364 Nune
534 4295 576 4364 de
598 4297 720 4364 eeteria
741 4294 936 4363 notionibus
958 4311 1065 4377 pauca
1088 4294 1262 4378 disputare
1284 4296 1388 4365 lubet.

412 4417 503 4486 Sunt
533 4418 696 4485 nimirum
727 4417 816 4501 apud
841 4416 993 4484 Statium
1017 4416 1152 4498 plurimi
1174 4417 1247 4495 loni,
1270 4415 1327 4486 ubi
1351 4415 1444 4483 verbi
1466 4416 1560 4483 notio

368 4539 479 4607 cuivis
501 4538 621 4606 statim
645 4537 821 4622 perspicua
844 4539 909 4614 est,
933 4554 1007 4620 eg.
1031 4537 1116 4604 Aah.
1143 4539 1172 4604 1.
1197 4537 1274 4617 334,
1298 4539 1374 4623 907,
1400 4536 1482 4606 Silv.
1501 4537 1560 4605 111.

369 4660 402 4726 3.
434 4661 511 4740 144,
542 4661 575 4727 4.
608 4658 662 4738 75,
687 4658 718 4724 5.
744 4659 798 4737 27,
822 4658 924 4726 Theb.
948 4658 1007 4727 IV·
1034 4659 1088 4737 78,
1114 4660 1190 4739 194,
1214 4660 1256 4727 V.
1282 4662 1357 4746 733,
1382 4659 1458 4728 VII.
1483 4659 1560 4744 559,

369 4783 446 4867 651,
467 4780 586 4849 deinde
605 4781 697 4849 VIII.
718 4780 804 4849 307:
824 4780 934 4864 prima
952 4779 1115 4848 alimenta
1133 4781 1256 4850 dedisti
1275 4782 1560 4867 mutastique,
