3848 6006
381 1577 431 1658 lle
460 1574 652 1660 dilectibus
681 1599 706 1660 a
731 1578 875 1660 tribune
906 1578 1024 1678 plebis
1054 1574 1243 1677 impeditis.

577 1964 618 2032 G.
642 1965 679 2031 n
705 1964 763 2032 W.
788 1964 886 2032 VAN
910 1963 1055 2032 lenna.

263 2347 381 2414 Livius
413 2348 445 2429 4,
471 2346 515 2413 53
550 2347 632 2415 baec
664 2347 784 2414 babet:
826 2346 987 2415 dilectum
1022 2348 1203 2415 habentem
1239 2347 1412 2416 Valerium

216 2467 390 2536 consulem
422 2467 465 2534 bl.
498 2467 674 2535 Menenius
703 2471 747 2535 tr.
772 2468 827 2553 pl..
851 2468 935 2551 legis
958 2471 1109 2551 agrariae
1130 2469 1226 2554 lator,
1251 2488 1330 2538 cum
1353 2472 1413 2539 im·

216 2590 356 2673 pediret,
379 2588 613 2672 auxilioque
637 2588 765 2656 tribuni
788 2606 888 2657 nemo
907 2590 1039 2657 invitus
1056 2595 1268 2659 sacramento
1288 2592 1413 2661 diceret

327 2711 459 2778 decreto
485 2710 685 2793 interposito
708 2728 831 2778 novem
855 2711 982 2778 tribuni
1005 2713 1218 2780 sustulerunt
1241 2717 1411 2781 certamen

216 2832 589 2917 pronuntiaveruntque
609 2850 653 2900 ex
672 2831 799 2915 collegii
818 2834 991 2901 sententia
1010 2834 1046 2901 0.
1066 2834 1200 2902 Valerio
1218 2835 1348 2901 consuli
1364 2851 1411 2913 se,

215 2955 381 3022 damnum
403 2953 570 3037 aliamque
592 2955 826 3022 coercitionem
849 2955 1015 3022 adversus
1037 2956 1412 3025 intercessionem

215 3076 359 3159 collegae
373 3076 515 3144 dilectus
529 3093 633 3144 cauea
647 3077 917 3145 detractantibus
933 3077 1088 3144 militiam
1101 3078 1276 3160 inhibenti,
1298 3079 1413 3145 auxi·

216 3198 276 3266 lio
298 3198 430 3266 tuturos
452 3214 538 3265 esse.
562 3199 624 3266 boc
646 3198 778 3266 decreto
801 3199 917 3266 consul
940 3202 1094 3267 armatus
1117 3217 1195 3266 cum
1219 3201 1336 3283 paucis
1358 3217 1413 3284 ap

215 3320 419 3404 pellentibus
438 3321 615 3388 tribunum
633 3319 755 3388 eodum
774 3320 942 3398 torsisset,
961 3324 1056 3388 metu
1075 3321 1177 3388 reteri
1200 3326 1412 3390 sacramento

216 3442 344 3510 dixere.

264 3562 350 3631 (ium
373 3564 539 3632 auxilium
563 3565 609 3631 sit
634 3581 701 3631 vox
724 3563 898 3631 sollemnis
920 3563 1172 3632 intercessionis
1190 3565 1412 3646 magistratus

217 3685 332 3752 acive
350 3684 509 3768 appellati
524 3683 630 3762 (Caes
644 3685 675 3750 b.
688 3702 716 3751 c.
730 3683 762 3760 3,
776 3684 842 3768 20),
863 3683 960 3751 credo
979 3683 1114 3750 Livium
1134 3685 1156 3752 l.
1170 3703 1197 3752 c.
1210 3687 1284 3753 iura
1295 3687 1412 3754 auxilii

217 3805 255 3870 et
276 3803 415 3871 remndi
437 3805 629 3873 contudisse
651 3809 687 3873 et
710 3805 902 3873 Menenium
927 3805 1066 3872 minime
1088 3824 1110 3874 a
1133 3807 1264 3875 civibus
1287 3808 1412 3875 auxilio

218 3928 377 3990 vocatum
402 3924 445 3993 ob
467 3927 635 3994 iniustum
658 3925 807 3995 consulis
828 3925 1001 3994 decretum
1023 3925 1255 3996 intercessisse
1278 3929 1346 4015 sed,
1371 3933 1413 3997 ut

218 4042 291 4125 ipse
323 4048 343 4123 fi
372 4045 394 4110 6
425 4047 613 4129 profitetur,
643 4047 796 4130 politicas
826 4046 868 4113 ob
898 4063 1019 4114 causas
1049 4048 1219 4116 consulem
1251 4050 1411 4120 dilectum

216 4163 339 4232 babere
360 4167 520 4252 vermese,
544 4168 732 4236 minitando
751 4186 789 4236 ee
807 4185 897 4245 eum,
916 4167 1059 4236 simulac
1075 4169 1185 4237 civem
1204 4171 1411 4258 arripuisset,

218 4285 254 4352 in
279 4286 414 4356 vincula
435 4289 629 4358 ducturum.

264 4405 372 4489 Quem
395 4411 584 4494 opinionem
608 4415 648 4479 ut
670 4411 914 4492 confirmarem,
934 4409 1094 4494 quidquid
1114 4412 1155 4480 de
1172 4414 1412 4486 intercessione

218 4530 255 4595 et
284 4528 326 4595 de
355 4530 428 4598 iure
458 4531 597 4598 vetandi
627 4532 661 4599 in
692 4528 868 4597 dilectibus
891 4530 1054 4599 habendis
1075 4532 1225 4603 invenire
1248 4538 1353 4620 potui,
1376 4539 1411 4606 in

218 4649 520 4734 hacdisputaticne
531 4652 734 4737 examinavi,
748 4668 851 4736 qnam
863 4651 935 4735 tibi,
948 4651 1132 4721 obmissime
1144 4655 1263 4740 Nabar,
1275 4657 1412 4725 LXXX

217 4787 348 4838 annum
378 4772 538 4856 explenti,
562 4771 800 4841 munusculum
823 4770 1051 4868 qualecunque
1072 4776 1220 4846 oblatam
1243 4781 1354 4848 velim
