3848 6006
1013 842 1077 911 196

472 1032 515 1102 76
560 1032 638 1117 Ipse
660 1035 790 1100 trucem
814 1030 922 1098 multo
944 1029 1154 1097 misceret
1177 1024 1397 1109 sanguine
1417 1026 1565 1108 ponmm

584 1154 748 1222 Hosius
766 1152 803 1219 in
815 1152 900 1220 libro
909 1149 1045 1219 laudato
1056 1169 1089 1234 p.
1102 1147 1344 1232 9compcravit
1354 1147 1450 1216 Ovid.
1463 1147 1508 1214 u.
1521 1147 1554 1230 4,
1564 1145 1647 1231 728,

537 1275 642 1344 &lue
653 1276 793 1359 puniceo
810 1275 974 1341 mixtos
988 1290 1068 1342 cnm
1083 1272 1298 1354 sanguine
1315 1269 1649 1338 fluctusOreromit.

469 1398 513 1465 89
560 1397 724 1481 Quidquid
745 1399 781 1464 et
803 1398 844 1463 nt
865 1395 1006 1479 quisque
1027 1398 1082 1461 est
1104 1393 1166 1462 tell
1188 1392 1229 1460 de
1252 1390 1345 1461 clade
1366 1389 1512 1476 locutus,

557 1518 671 1587 omnic
693 1521 792 1586 sumt:
818 1517 933 1601 potius
953 1517 1054 1584 liceat
1077 1519 1250 1584 notescere
1273 1513 1366 1582 cirin

558 1643 661 1723 atque
683 1656 885 1707 unomen
908 1636 1065 1705 multis
1088 1637 1235 1722 Scyllam
1258 1653 1325 1704 non
1347 1652 1423 1703 esse
1445 1633 1580 1718 puellis.

584 1761 659 1829 Cet.
690 1760 746 1828 68.
770 1762 815 1828 86
845 1762 922 1828 Huc
945 1778 1029 1828 une
1046 1775 1098 1827 ex
1121 1759 1276 1827 multis
1297 1758 1434 1842 concula
1456 1774 1513 1827 me
1534 1757 1648 1842 sequi·

538 1889 605 1953 tur.
630 1882 679 1951 ci.
703 1884 784 1952 Hor.
807 1881 869 1967 up.
895 1882 972 1952 1.6.
983 1884 1039 1950 30.

580 2006 621 2073 In
645 2001 713 2072 Ciri
739 2022 827 2093 „une
847 2022 891 2072 ex
915 2002 1054 2072 multis”
1077 2003 1244 2086 significet
1261 2002 1451 2088 ignobilem,
1473 2005 1513 2070 ut
1532 2001 1648 2069 obser·

537 2128 635 2196 revit
664 2128 880 2213 Heynius‚
912 2129 971 2211 qui
1000 2127 1091 2195 idem
1121 2128 1199 2211 post
1229 2125 1314 2194 eiioe
1335 2125 1481 2194 correxit
1504 2125 1648 2204 ,omnic

536 2249 640 2332 sint”,
660 2249 748 2333 qnod
765 2249 903 2316 liberius
920 2249 1167 2331 interpretetur
1182 2248 1352 2327 ‚hebeent
1365 2262 1414 2323 se,
1430 2250 1471 2314 ut
1485 2243 1647 2314 volunt”.

537 2370 647 2438 Ellis
677 2371 713 2437 in
742 2370 928 2438 novissime
949 2370 1097 2437 editione
1120 2368 1349 2437 Heinsium
1372 2370 1514 2435 secutus
1533 2366 1648 2435 edidit

543 2491 696 2579 „somnia
727 2492 842 2575 sunt”‚
874 2492 1066 2560 coniectore
1094 2491 1218 2559 blande
1245 2491 1304 2558 sed
1328 2489 1423 2569 false,
1447 2506 1529 2558 nem
1548 2507 1647 2574 pree·

536 2615 658 2681 cedens
690 2613 880 2682 fabulemm
914 2615 1083 2682 enarratio
1116 2614 1194 2681 inde
1226 2631 1249 2682 e
1282 2631 1316 2680 v.
1353 2615 1397 2682 56
1427 2630 1646 2698 nequaquem

536 2737 686 2805 ostendit
716 2740 850 2820 poetam
879 2754 939 2804 ees
968 2754 1028 2819 pro
1058 2736 1200 2805 somniis
1230 2734 1398 2803 habuisse.
1430 2733 1516 2820 Quid
1541 2738 1647 2820 poete

536 2858 660 2925 dixerit
683 2858 748 2936 hic,
772 2862 812 2925 ut
834 2859 913 2926 olibi
935 2874 1044 2943 saepe.
1069 2875 1137 2926 non
1159 2857 1277 2942 liquet.

469 2979 514 3046 98
692 2979 879 3064 Sparsaque
901 2979 1135 3047 liminibus
1157 2979 1293 3048 floret
1314 2996 1392 3048 mse

582 3101 669 3167 Aen.
693 3100 725 3165 4.
739 3101 804 3167 202
827 3105 863 3168 et
886 3101 990 3168 variis
1013 3100 1230 3168 florentia
1252 3100 1407 3169 limine
1429 3101 1542 3169 sertis

448 3223 511 3290 104
559 3222 708 3306 Quarum
726 3228 788 3304 (sc.
807 3224 957 3309 urbium)
976 3240 1044 3291 non
1064 3222 1123 3291 ulli
1139 3223 1231 3291 famo
1248 3222 1489 3292 concedere
1507 3221 1647 3307 digne

559 3347 633 3412 stet
655 3345 790 3426 Megara

580 3466 653 3534 Oet.
677 3467 732 3534 68.
747 3466 810 3534 181
836 3469 909 3535 Aut
932 3467 1014 3534 nihil
1033 3470 1095 3535 eut
1113 3468 1212 3552 poulo
1230 3466 1286 3536 cui
1304 3471 1381 3536 tum
1399 3465 1646 3536 concedere

538 3588 678 3671 digna.

449 3711 510 3778 121
796 3711 945 3781 candida
966 3715 1194 3783 caesaries

581 3833 666 3911 Aen,
689 3833 801 3902 8859
824 3835 940 3903 Aureo
962 3837 1197 3906 caesaries.

448 3953 511 4020 124
558 3955 643 4021 Tem
666 3956 811 4039 petriam
834 3957 1036 4027 incolumem
1058 3959 1133 4026 Nisi
1155 3976 1365 4046 regnumque
1388 3961 1543 4031 uturum

558 4077 737 4144 concordes
759 4077 871 4146 stabili
893 4080 1135 4149 firmarunt
1158 4084 1335 4152 numine
1358 4084 1490 4153 Parcae

582 4198 664 4266 Post
686 4217 726 4268 es
748 4217 834 4282 quae
855 4201 1016 4270 disseruit
1038 4202 1248 4290 Skutsch,
1270 4206 1355 4274 (icil.
1374 4224 1409 4275 u.
1429 4208 1530 4290 Verg.
1550 4209 1644 4292 nec

535 4338 617 4404 sqq,
640 4319 734 4388 locus
755 4321 948 4404 diligentem
972 4326 1077 4393 etiam
1100 4327 1354 4410 inquisitionem
1376 4329 1520 4411 flagitet.
1540 4331 1645 4402 Nunc

535 4459 691 4525 comparo
715 4447 854 4511 tentum
877 4446 963 4512 Aen.
990 4447 1121 4513 12183
1144 4448 1179 4514 di
1201 4449 1379 4517 numine
1402 4449 1598 4521 firment

448 4561 508 4629 131
557 4563 668 4649 Scylla
690 4567 798 4647 petris
821 4566 936 4633 miseri
958 4569 1152 4653 patriaeque
1174 4571 1315 4638 invento
1336 4570 1592 4656 sepulcrum

580 4686 718 4755 Praeter
752 4688 825 4756 Ost.
861 4687 981 4757 6889
1016 4694 1128 4760 confer
1158 4694 1263 4761 etiam
1294 4695 1489 4764 Lucretium
1520 4697 1552 4764 5.
1573 4699 1644 4766 260

535 4810 625 4874 terro
649 4826 761 4877 rorum
784 4828 963 4879 commune
986 4814 1247 4896 sepulcrum.
