3848 6006
927 846 994 912 299

363 1047 443 1096 sum
465 1046 590 1096 sanum
611 1029 733 1097 habere
754 1028 886 1096 debent
910 1027 960 1095 Ut
982 1030 1098 1094 sutem
1122 1042 1212 1093 nunc
1235 1023 1393 1107 leguntur
1415 1023 1451 1088 in
1470 1020 1554 1087 codi-

363 1150 459 1216 cibus
491 1149 577 1216 nihil
610 1150 688 1217 inde
720 1149 864 1217 extundi
897 1152 1020 1233 petest.
1063 1148 1146 1231 Quis
1180 1147 1272 1213 enim
1305 1144 1419 1212 credat
1454 1142 1556 1209 verbe

364 1270 592 1335 ἐπισκοποῦντι
614 1269 687 1336 ttrb
710 1272 879 1353 iungenda
897 1288 974 1338 esse
992 1274 1028 1338 et
1047 1269 1234 1351 significare
1257 1267 1499 1355 „commutem
1518 1267 1557 1330 ot

361 1390 526 1460 view?
559 1392 645 1461 cum
678 1392 877 1476 praesertim
906 1392 943 1459 in
975 1391 1101 1459 Graeco
1129 1389 1220 1457 desit
1249 1389 1438 1455 subiectum
1468 1383 1556 1468 quod

362 1514 486 1583 Lstim
516 1516 618 1583 verbo
639 1515 753 1584 ridear
773 1515 892 1582 turtim
913 1514 1110 1582 intruditur.
1133 1512 1277 1597 Blaydes
1299 1514 1336 1578 et
1359 1509 1476 1577 Nauck
1499 1526 1556 1576 no

363 1635 447 1705 dum
477 1636 647 1705 discidunt
677 1636 850 1705 scribendo
878 1637 976 1718 χρεόν
1006 1652 1066 1719 pro
1088 1633 1171 1701 itero.
1200 1634 1296 1701 Istud
1318 1631 1482 1715 estquod
1505 1649 1556 1699 ca·

363 1760 513 1828 rendum
543 1761 737 1828 monebam:
768 1758 848 1843 quid
876 1759 969 1825 enim
990 1775 1057 1825 non
1079 1756 1209 1839 iicebit,
1233 1754 1366 1823 situlis
1390 1754 1492 1821 iicent
1514 1753 1556 1819 ob

364 1898 441 1949 eam
471 1879 578 1949 solnm
605 1881 774 1948 rationem
803 1880 891 1964 quod
921 1880 992 1946 bic
1022 1896 1074 1946 ex
1105 1876 1260 1945 multis
1283 1875 1422 1943 modis
1444 1893 1556 1942 nnus

363 2008 452 2080 est,
471 2019 538 2086 qno
557 2003 644 2070 setis
661 2005 743 2084 apte
761 2002 933 2069 sententie
950 2001 1015 2068 sub
1035 2000 1088 2068 bis
1108 1999 1261 2066 versibus
1280 1998 1400 2065 subiici
1418 1998 1556 2080 potest?

364 2127 415 2193 At
446 2129 554 2213 „ststt
584 2125 704 2192 dsssen
735 2122 836 2210 (ἰδεῖν)
866 2127 913 2191 ist
943 2126 998 2193 ein
1032 2124 1132 2192 Wort
1163 2122 1228 2191 wie
1251 2125 1347 2204 χρεών
1370 2122 1448 2189 odor
1471 2120 1555 2199 θέμις

363 2246 470 2314 durch
499 2247 565 2315 den
593 2246 678 2314 Sinn
708 2244 896 2328 geiordert”
927 2245 1083 2326 (Nauck).
1115 2246 1223 2313 Immo
1255 2261 1334 2311 vero
1358 2244 1446 2311 idem
1469 2260 1556 2310 esse

364 2384 518 2451 uremur,
550 2369 582 2436 si
611 2386 670 2451 pro
700 2366 774 2433 itero
804 2367 936 2449 legatur
966 2369 1050 2445 turio
1084 2367 1137 2434 vel
1168 2368 1219 2431 τὸν
1250 2365 1347 2446 roob
1370 2364 1425 2431 vel
1447 2365 1558 2432 simile

365 2489 454 2571 quid.
474 2488 634 2556 Dicamus
652 2504 730 2570 ergo
747 2488 921 2556 librarium
938 2503 1060 2566 errore,
1079 2488 1137 2571 qui
1157 2488 1255 2555 venis
1275 2504 1353 2554 vere
1372 2486 1420 2553 sit
1437 2487 1558 2567 dignis·

366 2611 485 2693 simus,
509 2610 685 2692 scripsisse

546 2732 602 2806 rirr
625 2728 984 2821 retrvraiaeNIAEi<v>

367 2870 424 2936 pro
548 2854 603 2928 rire
627 2853 909 2919 retruraiiMAEi
931 2853 953 2918 i.
967 2870 997 2920 θ.
1021 2855 1076 2925 τὴν
1100 2852 1286 2916 retrvroeiar
1309 2849 1346 2930 μ’
1370 2851 1431 2916 ἑοῖ.

366 2974 544 3042 Sententia
561 2975 644 3042 erit:
664 2992 769 3058 puero
787 2975 950 3058 equidm,
967 2992 1099 3059 semper
1115 2971 1205 3055 (ders
1218 2973 1254 3049 μ’
1268 2973 1331 3055 aiei)
1346 2974 1558 3058 prospiciens

365 3095 454 3162 dicm
475 3096 573 3164 r‘ttum
594 3096 744 3179 satutem,
768 3098 936 3164 neminem
958 3096 1089 3164 beatum
1107 3097 1265 3181 mordico
1287 3099 1365 3162 unte
1385 3098 1534 3161 mortem.

408 3354 469 3421 ΠΙ.
500 3354 580 3423 Oed.
603 3354 644 3420 R.
668 3372 725 3423 vv.
754 3356 872 3423 1-18.

408 3475 475 3542 His
505 3476 547 3543 de
576 3478 689 3544 media
718 3480 755 3544 et
784 3480 940 3545 extrema
962 3478 1076 3545 fabula
1099 3478 1296 3561 praemissis
1317 3479 1360 3546 sd
1383 3478 1558 3545 exordium

363 3595 538 3665 descendo.
743 3679 746 3683 ⁸

410 3719 525 3800 Atque
547 3736 606 3785 vv.
634 3720 765 3786 16-18
788 3719 923 3802 quidem
947 3720 1135 3787 rectissime
1159 3719 1369 3803 explicarunt
1395 3718 1558 3786 Frsenkel

364 3839 402 3903 et
426 3837 655 3907 Groeneboom
681 3840 747 3920 Jr.;
776 3840 888 3908 nescio
910 3858 954 3908 an
978 3858 1077 3908 nemo
1101 3846 1182 3909 ente
1200 3858 1258 3909 eos
1273 3839 1308 3925 ¹).
1331 3841 1418 3908 Oum
1441 3844 1558 3908 eutem

365 3958 499 4026 videam
530 3959 632 4027 buius
655 3961 943 4044 interpretationis
967 3963 1132 4030 rationem
1155 3980 1223 4030 non
1248 3963 1360 4030 heberi
1384 3965 1420 4029 in
1443 3963 1558 4029 editio·

365 4079 465 4147 nibus
495 4081 745 4167 posterioribus,
776 4082 876 4151 liceat
905 4084 989 4150 mibi
1011 4102 1087 4151 eam
1110 4102 1169 4167 pro
1193 4085 1322 4152 viribus
1345 4085 1432 4151 tueri
1456 4088 1559 4166 atoue

365 4201 571 4269 confirmare.

409 4321 450 4388 In
473 4322 641 4391 codicibus
662 4322 802 4406 legitur:

938 4438 965 4512 οἳ
987 4449 1045 4524 μὲν
1068 4445 1183 4513 οὐδέπω
1208 4446 1333 4526 μικρὸν

367 4609 562 4620 --

398 4714 424 4776 1)
448 4713 557 4781 Oedipus
581 4715 642 4775 Rex,
667 4717 774 4767 bewerkt
796 4718 856 4768 door
878 4718 921 4770 Dr.
939 4719 963 4769 J.
982 4719 1018 4770 Μ.
1037 4719 1156 4770 inanior
1179 4737 1208 4770 en
1232 4721 1274 4771 Dr.
1291 4720 1319 4772 P.
1337 4721 1503 4773 Grccnebeom
1521 4722 1559 4773 Jr.

365 4795 514 4863 (inningen,
530 4796 645 4859 Wolters,
666 4799 739 4850 1000.
