3848 6006
924 799 990 869 170

615 980 667 1049 aa
689 981 810 1062 tyara,
834 981 888 1048 nal
912 979 1081 1061 ἆέιυίίυτιι
1105 982 1222 1050 habt-

609 1127 659 1170 υυι
683 1104 736 1170 τῶι
761 1105 828 1170 ίιῶι
850 1105 904 1171 καί
927 1112 990 1178 reis
1011 1103 1148 1182 Ἕλλησι
1171 1104 1259 1183 und

609 1224 661 1292 τίν
684 1225 841 1307 reparcis,
864 1234 914 1303 τῆι
939 1228 1039 1294 ίυιίυι
1063 1227 1094 1294 ίυ
1117 1229 1172 1294 τῶι
1195 1249 1270 1293 m·

608 1347 672 1414 ίίιιι
695 1353 749 1414 τῶι
772 1350 902 1415 nullast
926 1343 1032 1427 υίσμι
1055 1349 1143 1428 arrd
1165 1353 1257 1432 χοροῦ

610 1468 755 1537 Διίυυσιυ
779 1470 831 1536 nal
855 1469 1024 1552 ιιιίιίρισμυ
1048 1471 1083 1538 ίιι
1105 1476 1240 1555 Βακχῶν

610 1592 786 1674 Εὐριπίδου.

405 1715 550 1800 Satyrus
570 1715 684 1799 igitur,
703 1715 816 1798 quiin
835 1715 964 1783 musico
982 1714 1169 1783 certambre
1187 1714 1327 1797 vicerat,
1338 1717 1557 1799 postexacta

358 1838 545 1907 certamina
566 1839 725 1922 gymnica
746 1845 786 1919 τῇ
809 1837 899 1922 lucia
923 1837 953 1902 ίυ
977 1838 1019 1918 τῷ
1043 1835 1160 1919 στυίίυ
1182 1838 1225 1920 τῷ
1248 1837 1366 1917 liviana}
1391 1836 1554 1910 ίτιίίσιιιι

358 1960 428 2029 loco
443 1963 522 2044 post
532 1977 573 2027 ea
583 1977 670 2044 quae
680 1959 715 2027 in
728 1960 801 2044 ipso
813 1960 998 2029 cartamine
1009 1959 1205 2044 protulerat,
1217 1958 1382 2027 delectare
1392 1959 1557 2042 danatus

360 2085 415 2149 est
443 2083 481 2148 et
510 2081 620 2150 Βουιιι
640 2085 677 2149 et
699 2080 844 2149 Graecos
866 2081 1016 2150 canendo
1039 2098 1118 2149 cum
1140 2081 1239 2148 choro
1261 2080 1433 2149 canticum
1455 2081 1556 2165 quod

360 2201 440 2269 dam
470 2201 525 2270 cui
554 2218 678 2270 nomen
707 2205 783 2269 erat
808 2201 951 2274 Διίιυιιι
974 2205 1012 2270 et
1032 2203 1164 2269 cithara
1185 2201 1335 2269 canendo
1356 2201 1558 2271 citharisma

359 2342 404 2392 ex
445 2324 614 2408 Euripidis
647 2325 799 2393 Bacchis.
841 2325 921 2394 Jam
954 2325 1128 2410 quaeritur
1161 2341 1329 2408 quaenam
1361 2322 1466 2391 luerit
1498 2321 1558 2391 illa

361 2445 379 2521 l
403 2444 506 2523 loeta,
522 2462 609 2529 quae
627 2445 806 2514 manifesto
824 2462 868 2512 ex
888 2445 991 2513 certis
1009 2449 1083 2513 erat
1103 2445 1304 2529 Pythiorum
1323 2446 1557 2515 caeremoniis.

361 2567 514 2650 Apparet
544 2567 650 2635 titisse
678 2567 881 2635 sacrificium
906 2567 1083 2644 victorum,
1105 2567 1165 2650 qui
1187 2567 1223 2634 in
1246 2583 1363 2635 eorum
1386 2569 1490 2648 adpo,
1514 2569 1558 2635 ut

359 2689 533 2756 dicebatur
562 2686 745 2774 Olympiae,
776 2687 882 2756 altare
911 2687 1044 2772 aliquod
1074 2689 1215 2757 adibant
1236 2692 1278 2756 ut
1299 2688 1464 2774 privatim
1485 2689 1558 2758 Deo

360 2813 497 2894 propter
526 2810 703 2878 victoriam
732 2813 938 2894 reportatam
966 2813 1107 2894 agerent
1136 2811 1273 2892 gratias.
1304 2810 1559 2886 adamantem

360 2931 503 3015 alicujus
520 2935 663 2998 naturae
681 2932 808 3015 optime
826 2932 985 3000 convenit
1005 2930 1060 3000 iila
1078 2931 1275 3000 certaminis
1285 2932 1408 3000 musici
1419 2933 1560 3016 privata

360 3056 396 3120 et
419 3055 597 3136 tamquam
619 3051 843 3120 tumultuaria
865 3053 1010 3120 iteratio.
1036 3054 1133 3134 κιίιιυ
1156 3053 1218 3120 hoc
1239 3052 1342 3122 simul
1364 3056 1402 3121 et
1423 3054 1560 3123 mamea

360 3177 397 3241 et
414 3174 573 3259 gymnica
590 3174 777 3242 certamina
793 3175 1080 3260 terminabantur3
1093 3176 1240 3244 victores
1251 3176 1344 3244 enim
1355 3177 1391 3244 in
1403 3177 1557 3260 musicis,

360 3299 401 3363 ut
419 3294 542 3363 titulus
560 3299 677 3363 noster
695 3295 802 3374 docet,
821 3314 889 3364 non
908 3300 986 3380 post
1003 3314 1068 3365 sua
1087 3297 1217 3365 musica
1235 3297 1294 3365 aed
1311 3299 1387 3380 post
1395 3297 1559 3381 gymnica

251 3508 255 3515 Ι
359 3417 547 3486 certamina
564 3417 843 3485 comissabantur.
863 3417 1060 3486 cartamim
1079 3418 1184 3500 igitur
1202 3419 1332 3487 musica
1349 3421 1386 3486 et
1396 3421 1559 3503 gymnica

359 3542 525 3622 tauquam
556 3557 664 3607 unum
692 3542 887 3623 separatum
915 3538 1044 3607 festum
1074 3540 1305 3623 conficiebant,
1328 3539 1416 3623 quod
1437 3540 1558 3609 eodem

361 3659 452 3739 ιιίμυ
474 3660 724 3728 terminaretur.
744 3659 809 3728 Sed
828 3660 978 3728 vidimus
996 3661 1070 3744 ipsa
1084 3663 1271 3729 certamina
1281 3661 1440 3745 gymnica
1450 3661 1558 3729 linem

359 3781 498 3851 demum
515 3781 673 3851 habuisse
686 3783 772 3850 satis
789 3783 847 3850 diu
866 3787 944 3867 post
963 3799 1119 3851 occasum
1130 3783 1221 3861 solis,
1234 3784 1316 3852 haec
1327 3783 1559 3867 sequebantur

360 3907 455 3982 κῶμοι
478 3905 633 3973 omnium
657 3904 693 3971 in
714 3903 852 3971 musicis
871 3907 908 3973 et
930 3904 966 3970 in
985 3904 1154 3989 gymnicis
1172 3904 1351 3982 victorum
1372 3903 1430 3987 qui
1451 3903 1559 3985 igitur

359 4025 641 4111 quemadmodum
671 4025 844 4110 Olympiae
873 4025 909 4093 in
933 4026 1078 4094 multam
1101 4030 1237 4094 noctem
1260 4025 1556 4110 protrahebantur.

360 4150 410 4215 At
443 4148 564 4216 deinde
596 4149 672 4215 tota
706 4146 875 4228 πανήγυρις
907 4147 977 4215 loco
1007 4147 1136 4216 moveri
1166 4148 1310 4215 debebat
1339 4164 1379 4215 ac
1402 4146 1558 4215 Cirrham

359 4272 568 4352 descendere,
605 4270 663 4337 ubi
701 4269 827 4354 Pythia
865 4273 1042 4353 tamquam
1076 4269 1118 4337 de
1161 4269 1292 4351 integro
1333 4268 1559 4336 instauranda

359 4396 467 4474 erant,
487 4391 615 4458 scilicet
632 4390 784 4459 habenda
804 4394 902 4458 erant
922 4389 1108 4458 certamina
1126 4389 1305 4473 equestria.
1325 4391 1418 4458 Haec
1438 4393 1558 4458 tamen

358 4533 380 4582 a
401 4514 521 4598 primis
543 4512 609 4581 diei
631 4512 732 4590 horis,
756 4511 916 4584 ιίιιιυτις
941 4511 1028 4588 alalos
1052 4511 1266 4594 incipiebant.
1298 4512 1335 4579 Si
1358 4511 1464 4594 igitur
1483 4512 1558 4596 jam

358 4636 511 4719 proximo
530 4637 609 4718 post
628 4639 727 4710 κῶμοι
746 4634 799 4702 die
819 4634 988 4718 equestria
1007 4635 1193 4701 certamina
1212 4632 1348 4701 Cirrhae
1359 4633 1558 4714 agebantur,

360 4760 484 4840 raptim
518 4758 635 4839 paucis
673 4757 848 4825 nocturnis
889 4756 979 4825 horis
1022 4755 1104 4824 haec
1146 4754 1299 4823 Cirrham
1342 4755 1560 4823 transmissio
