3848 6006
920 782 988 849 440

359 966 501 1048 perator¹
524 965 679 1031 futurum
703 961 808 1031 luisse
831 966 871 1031 ut
890 964 997 1048 stirpe
1016 982 1079 1032 sua
1097 963 1210 1033 aulam
1229 966 1385 1048 impleret
1403 968 1557 1036 OctavIa

358 1085 416 1151 An
438 1087 525 1154 torte
547 1086 640 1155 obliti
663 1089 762 1153 erant
784 1086 820 1152 bi
843 1086 998 1155 homines
1021 1089 1075 1153 tot
1097 1105 1157 1170 per
1179 1105 1287 1156 annos
1307 1090 1433 1157 iterum
1452 1093 1559 1174 atque

359 1209 493 1287 iterum,
525 1209 583 1276 sed
615 1209 754 1292 trustra,
784 1208 939 1275 heredem
971 1209 1102 1292 imperii
1133 1226 1171 1276 se
1202 1215 1420 1292 exspectasse
1442 1215 1480 1280 ot
1496 1230 1560 1280 cu·

360 1329 488 1413 piisse?
522 1329 586 1396 Sed
621 1331 748 1414 posteri
782 1332 836 1396 tot
868 1327 943 1396 aliis
978 1332 1079 1396 rebus
1109 1330 1262 1398 distracti
1294 1333 1458 1400 memoria
1488 1350 1558 1401 non

360 1451 534 1519 tenebant.
565 1452 718 1535 Exempli
748 1469 849 1519 causa
879 1452 952 1530 Dio,
984 1469 1049 1534 quo
1079 1451 1193 1520 nullus
1213 1453 1324 1520 brsius
1346 1454 1389 1521 do
1413 1453 1561 1521 Neronis

360 1573 460 1640 rebus
489 1574 681 1642 domesticis
711 1575 791 1656 egit,
821 1574 981 1641 Octaviae
1011 1572 1226 1641 sterilitatem
1257 1575 1382 1657 pressit
1410 1574 1559 1643 silentiu.

360 1695 423 1778 En,
455 1694 580 1761 iterum
609 1696 749 1778 apparet
771 1710 846 1762 sero
868 1694 1006 1761 demum
1030 1696 1107 1776 post
1130 1693 1273 1761 Neronis
1296 1697 1442 1763 mortem
1467 1712 1559 1780 prae

361 1818 494 1883 textam
517 1816 715 1882 innotuisse.

408 1937 466 2004 VI.
502 1937 643 2005 Accedit
671 1935 759 2020 quod
788 1935 892 2004 semel
927 1937 1019 2005 inter
1052 1935 1230 2018 legendum
1265 1935 1487 2007 admonemur
1515 1940 1560 2007 de

363 2057 470 2125 taciti
494 2058 693 2125 Annalibus.

407 2180 504 2265 Puta,
529 2178 587 2247 ubi
608 2179 814 2262 Agrippinae
836 2179 1016 2247 morientis
1036 2178 1228 2248 referuntur
1249 2180 1353 2250 verba
1372 2180 1496 2250 ultima
1514 2185 1558 2252 ad

362 2316 592 2385 percussorem
615 2302 816 2369 Anicetum:

497 2421 551 2488 hic
574 2425 639 2505 est,
663 2422 717 2489 hic
740 2426 796 2489 est
818 2421 994 2490 fodiendus
1015 2422 1065 2489 ait
1100 2438 1105 2451 ·

498 2542 584 2611 ferro
607 2546 799 2611 monstrum
822 2544 880 2626 qui
902 2544 969 2611 tate
992 2542 1071 2610 tulit
1095 2548 1162 2623 (vs.
1185 2544 1249 2610 371
1265 2549 1342 2628 sq.),

362 2664 591 2749 persentimus
621 2665 829 2731 imitatorem
859 2665 973 2731 verbis
1004 2666 1262 2748 supervacaneis
1284 2671 1558 2752 corrumpentem

362 2789 502 2853 strenua
535 2785 591 2854 illa
624 2786 778 2854 Tacitae:
821 2802 922 2874 ,nam
955 2785 992 2851 in
1027 2791 1172 2853 mortem
1206 2788 1394 2855 centurioni
1430 2791 1558 2858 ferrum

363 2907 585 2988 destringenti
616 2907 819 2990 protendens
842 2909 978 2974 uterum
1002 2907 1180 2992 ,ventrem
1212 2906 1294 2974 leri''
1317 2907 1557 2978 exclamavit.'’

363 3030 453 3110 (Tac.
478 3031 569 3096 Ann.
594 3029 689 3108 XIV,
714 3031 759 3110 9).

409 3151 595 3234 Descriptio
624 3153 741 3218 autem
770 3149 974 3234 Agrippinae
1003 3149 1169 3231 naubagii
1196 3151 1356 3217 convenit
1377 3169 1457 3219 cum
1480 3154 1557 3237 illis,

363 3291 449 3357 quae
481 3273 584 3340 serior
605 3275 702 3339 aetas
724 3271 787 3339 hac
809 3270 850 3338 de
872 3288 908 3337 re
930 3288 1066 3338 narrare
1089 3270 1228 3338 solebat.
1253 3271 1340 3338 Nam
1363 3273 1557 3360 Suetonius,

364 3399 405 3462 ut
435 3395 583 3476 Tacitus,
610 3393 757 3477 loquitur
778 3393 819 3459 de
841 3391 923 3459 navi
947 3391 1084 3475 solutili,
1109 3391 1205 3459 cuius
1228 3392 1282 3458 vel
1305 3395 1481 3476 naufragio
1504 3396 1559 3463 vel

364 3534 515 3585 camerae
534 3517 633 3583 ruina
651 3516 774 3599 periret
792 3515 994 3598 Agrippiua;
1015 3514 1075 3581 Dio
1094 3518 1210 3581 autom
1223 3517 1259 3580 et
1270 3515 1428 3582 Octaviae
1441 3520 1560 3584 auctor

364 3641 405 3707 de
436 3656 569 3706 camera
600 3638 646 3704 nll
678 3638 819 3704 babent:
845 3636 1021 3719 perbibent
1044 3634 1292 3718 imperatricem
1315 3635 1480 3704 dissoluto
1504 3656 1560 3705 na·

365 3762 454 3843 vlgio
477 3761 512 3826 in
538 3777 630 3827 mare
652 3775 688 3825 se
712 3760 959 3843 praecipitasse.
1075 3795 1076 3799 =

413 3884 486 3952 VII.
523 3881 585 3958 Qui
617 3880 741 3948 nullius
772 3881 974 3947 auctoritate
1004 3878 1187 3946 obstrictus
1209 3895 1324 3944 secum
1347 3881 1562 3961 perpenderit

365 4024 450 4090 quae
473 4005 536 4072 sub
555 4006 579 4089 l,
601 4004 658 4083 HI,
680 4003 738 4083 IV,
761 4003 802 4086 V,
824 4000 870 4066 Vl
888 4001 1153 4082 observavimus,
1175 4000 1205 4065 is
1225 3999 1398 4079 intelleget
1417 4001 1562 4070 tortasse

366 4128 538 4195 Bdcheleri
562 4131 615 4190 roi
639 4127 813 4204 μακαρίτου
834 4124 874 4189 de
894 4127 1052 4206 tempore,
1074 4139 1139 4204 quo
1159 4123 1337 4203 praetexta
1357 4122 1561 4203 scriptasit,

365 4250 572 4318 seutentiam
603 4248 700 4314 nobis
722 4246 855 4328 quidem
880 4244 969 4309 haud
991 4244 1154 4309 invictam
1180 4242 1294 4307 videri.
1328 4241 1393 4307 Sed
1415 4244 1562 4315 concedi·

367 4391 444 4438 mus
468 4376 668 4451 argumenta
691 4373 808 4434 nostra
832 4386 898 4433 non
923 4368 972 4432 ita
996 4367 1092 4432 firma
1115 4371 1150 4431 et
1175 4366 1378 4431 dubitationi
1402 4369 1562 4447 exempta

366 4511 449 4577 esse,
481 4492 638 4575 utramvis
670 4493 739 4556 iam
765 4507 823 4571 per
846 4505 882 4554 ee
905 4487 1028 4569 aliquid
1053 4486 1197 4569 valeant,
1224 4492 1262 4551 ut
1286 4502 1562 4568 unumquemque

367 4615 401 4679 ln
426 4614 633 4679 senteutiam
658 4617 810 4677 nostram
829 4610 1007 4692 perducere
1027 4609 1169 4689 possint.
1194 4608 1301 4688 Quare
1322 4607 1356 4672 in
1377 4608 1444 4672 fine
1465 4623 1563 4687 pone

367 4754 444 4800 mus
467 4740 706 4814 argumentum
730 4732 843 4798 lectori
866 4730 969 4796 semel
994 4730 1122 4795 monito
1146 4728 1376 4805 manifestum,
1400 4745 1467 4807 quo
1492 4745 1561 4808 per·
