3848 6006
925 813 994 878 ara

361 990 1564 1079 pugnmnmpoaeocnt‚pngna”qn0ovsgmsnrmroesonrs

360 1118 565 1200 quibuslibet
593 1118 672 1183 telis
700 1117 872 1198 armisque
901 1115 1089 1198 signifi&
1120 1117 1159 1181 et
1190 1111 1367 1200 Μ’
1395 1111 1565 1195 opusoet

359 1242 465 1308 etiam
487 1256 565 1305 cum
588 1240 624 1305 iu
647 1239 828 1322 pugnaudo
851 1241 1067 1325 „amentatas
1083 1236 1236 1313 bmtas''2
1253 1239 1296 1302 nt
1312 1239 1370 1302 est
1387 1232 1564 1318 apudcic.

359 1361 402 1427 de
424 1362 479 1427 Or.
502 1361 562 1440 15
585 1359 664 1437 242,
685 1364 894 1442 torquemus„
918 1359 1064 1426 Videtur
1084 1357 1225 1425 Tacitus
1247 1356 1444 1441 scripsisse:
1471 1372 1564 1444 ,non

360 1485 495 1566 paterer
522 1481 691 1547 immanes
721 1479 796 1548 illos
825 1485 855 1546 et
883 1481 932 1547 od
957 1498 1156 1566 pupulam
1188 1482 1286 1546 notos
1313 1476 1565 1544 unetoslevi·

359 1600 852 1686 tatejacnliautjactndisei
874 1599 1567 1684 vanesoerqsionnncteabauditoriis

361 1729 399 1792 et
426 1720 1567 1809 tuoensinrornmotauoenoeaimlesqauvoraproeba

363 1844 479 1912 vooo’'.
503 1845 689 1912 Nicostrati
710 1846 826 1912 lacerti
845 1863 913 1913 uon
932 1846 1132 1927 generalitor
1149 1849 1289 1912 tantum
1305 1845 1349 1912 ad
1368 1841 1483 1924 μίχην
1502 1842 1567 1911 sed

362 1966 551 2049 specialitm
573 1965 617 2033 ad
638 1966 869 2052 luctationem,
893 1967 1118 2052 pancratium,
1139 1967 1331 2051 pugilatum
1353 1967 1428 2033 nati
1450 1968 1568 2044 erant,

361 2106 414 2171 cp.
448 2088 586 2170 Quintil
615 2086 701 2154 LO.
732 2088 776 2173 Π,
800 2089 834 2167 8,
859 2090 913 2156 14.
943 2088 1043 2157 Tales
1072 2089 1222 2156 athletae
1243 2089 1366 2156 Lau‘oe
1388 2085 1568 2171 „pugiles”

363 2210 517 2278 audiunt
548 2210 729 2278 Terentius
758 2209 845 2277 Eun.
875 2210 943 2277 315
973 2212 1007 2278 ai
1035 2231 1104 2295 quo
1133 2208 1194 2299 [sc
1218 2208 1325 2300 virgo]
1347 2213 1396 2277 eet
1417 2210 1570 2277 Mtitior

360 2333 474 2416 paulo,
495 2331 646 2416 pucilam
663 2350 733 2399 case
749 2331 859 2418 ajunt,
878 2332 1047 2399 dedum
1063 2330 1183 2400 α’ῠιιιιι
1203 2333 1268 2400 Pro
1273 2333 1433 2418 pemlotu
1443 2337 1570 2401 autem

364 2453 451 2537 qnod
474 2453 569 2537 Aper
591 2471 673 2521 vooe
694 2453 824 2522 Graeca
845 2459 976 2531 munic
999 2472 1084 2521 usus
1104 2458 1171 2533 est,
1188 2470 1289 2522 nemo
1306 2454 1489 2522 mirabitur
1506 2456 1571 2538 qui

366 2576 458 2643 norit
491 2592 593 2659 quam
627 2575 664 2642 in
698 2579 856 2660 promptu
884 2577 988 2643 inerit
1015 2576 1181 2644 Romanis
1209 2575 1342 2644 illorum
1369 2579 1571 2660 temporum

365 2697 470 2766 verba
503 2697 631 2764 Graeca
658 2697 782 2765 Latirm
812 2697 961 2765 sermoni
988 2699 1147 2776 inserere,
1177 2697 1377 2782 praesertim
1397 2697 1570 2781 tecbmoe,

365 2823 408 2886 nt
437 2818 500 2887 hoc
528 2819 642 2901 ipsum
675 2819 912 2906 „tenuaicum”
942 2819 1026 2886 mibi
1047 2819 1145 2903 quasi
1167 2837 1232 2887 sua
1250 2822 1372 2903 sponte
1394 2836 1432 2887 se
1453 2818 1570 2886 offert.

367 2939 526 3007 Ceterum
550 2942 682 3022 praeter
703 2941 794 3007 bunc
816 2939 938 3021 locum,
960 2943 1002 3008 ut
1019 2959 1064 3009 ex
1082 2941 1262 3009 Faooiolati
1280 2940 1394 3011 lexico
1405 2942 1571 3025 comperi,

367 3066 482 3140 mei
511 3063 548 3128 in
578 3061 704 3129 litteris
725 3061 858 3129 latinis
879 3063 983 3130 semel
1005 3062 1161 3142 occurrit
1184 3063 1220 3130 in
1243 3063 1462 3147 inscriptione
1485 3082 1570 3147 qua·

367 3184 447 3252 dam
470 3182 596 3251 saeculi
616 3184 740 3266 quarti,
763 3183 821 3251 ubi
843 3184 1001 3251 scribitur
1017 3202 1147 3270 monn.

415 3304 573 3373 Alterum
605 3305 807 3374 vocabulum
841 3306 876 3372 iu
911 3307 1004 3390 poesi
1034 3308 1129 3390 opica
1149 3306 1312 3375 Indorum
1333 3306 1571 3392 aliquotienis

370 3428 524 3495 occurrit.
549 3427 654 3495 Velut
677 3427 714 3494 in
736 3427 965 3494 Mmabharau
986 3428 1070 3496 libro
1092 3428 1153 3513 ΠΙ,
1176 3428 1277 3514 adby.
1303 3431 1379 3508 162,
1402 3430 1461 3497 ubi
1483 3429 1571 3497 divi·

369 3550 497 3616 tiorum
526 3549 611 3615 deus
639 3549 784 3632 Knbera,
815 3550 874 3633 qui
896 3550 986 3632 apud
1007 3550 1110 3618 Indos
1131 3551 1251 3618 Graeci
1273 3550 1364 3618 Pluti
1386 3568 1571 3635 pomonam

369 3671 466 3754 gerit,
483 3670 660 3752 Fandavas
678 3671 802 3738 fratres
817 3671 1010 3739 consolatus
1028 3675 1095 3750 est,
1108 3688 1230 3754 magno
1240 3672 1389 3756 stipatus
1400 3672 1570 3740 comitatu

368 3792 411 3860 ab
444 3792 487 3859 iis
520 3792 681 3874 disoedit;
716 3792 807 3859 hunc
838 3794 1083 3878 sequebantur,
1114 3795 1157 3860 ut
1186 3793 1298 3861 verbis
1327 3797 1446 3877 poetae
1476 3797 1569 3879 utar,

372 3916 528 3982 aenae
558 3912 751 3995 Yaksorum
773 3916 810 3981 et
832 3914 1062 3996 Raksasornm
1083 3915 1180 3998 equis
1202 3917 1239 3981 et
1260 3914 1448 3998 elephantis
1470 3918 1571 3983 veste

373 4035 525 4117 stragula
547 4035 713 4113 instratis,
738 4036 841 4103 variis
863 4037 1086 4120 pretiosisque
1107 4037 1270 4104 distincta
1291 4037 1473 4121 lapidibus:
1501 4041 1570 4117 lom

367 4157 761 4244 parsbmocopkimair
788 4158 1182 4240 nunarctnovzbbrioitoilr
1204 4155 1358 4247 lyonoir
1385 4161 1572 4243 aauyoyul

372 4284 408 4348 et
439 4300 515 4364 qs.
545 4282 689 4348 Vestem
716 4281 904 4362 stragulam
933 4299 1036 4364 quam
1067 4282 1150 4348 dicit
1172 4285 1282 4365 poeta.
1305 4299 1386 4350 voce
1408 4299 1494 4364 quae
1516 4287 1572 4350 est

368 4405 561 4487 pariatomo
573 4402 759 4470 denotavit.
773 4403 842 4470 Vix
855 4406 909 4470 est
920 4403 1172 4471 admonendum
1185 4440 1217 4451 -
1232 4422 1314 4471 nam
1325 4405 1399 4487 ipsa
1410 4421 1572 4471 sonorum

372 4527 404 4590 st
438 4528 516 4606 post
546 4527 559 4592 i
590 4525 782 4608 praesentia
812 4524 1083 4593 demonstrat-
1113 4542 1180 4593 nou
1204 4525 1390 4609 genuinum
1411 4526 1573 4593 essehoc

374 4647 573 4713 vocabulum
607 4648 664 4714 sod
697 4664 739 4713 ex
770 4646 883 4727 lingua
914 4648 1026 4729 aliqua
1049 4649 1191 4714 externa
1213 4648 1248 4713 in
1272 4646 1482 4714 Sanscritum
1506 4665 1574 4714 ser-

374 4786 510 4836 monem
549 4774 828 4852 trausportatum.
872 4769 1059 4837 Scholiasta
1094 4769 1249 4838 editionis
1282 4770 1434 4854 Bombay
1468 4786 1574 4850 quam
