3848 6006
943 886 1006 956 179

364 1073 584 1138 monumento
615 1067 791 1152 sepulcrali
820 1069 853 1137 ei
881 1067 1027 1154 lapidem
1057 1074 1238 1139 erexerunt
1267 1071 1325 1154 qui
1352 1072 1425 1156 jam
1454 1074 1560 1142 semel

363 1193 450 1261 alius
471 1194 664 1278 sepulcrum
686 1197 878 1277 ornaverat,
902 1210 1011 1277 neque
1031 1193 1095 1261 hac
1117 1195 1152 1260 in
1175 1211 1211 1262 re
1233 1211 1363 1262 novum
1381 1196 1560 1279 quicquam

363 1315 534 1398 iecerunt3
566 1316 702 1399 saepius
732 1316 825 1383 enim
855 1314 1000 1397 lapidem
1026 1315 1244 1398 sepulcralem
1269 1319 1402 1384 mortno
1425 1317 1560 1385 cuidam

362 1440 524 1515 erectum,
555 1437 663 1505 multo
694 1439 772 1520 post
800 1437 843 1504 ab
873 1437 948 1504 aliis
978 1436 1065 1503 alius
1088 1437 1215 1503 mortui
1238 1437 1390 1518 sepulcro
1411 1438 1560 1506 ernaudo

363 1560 552 1627 adhibitum
581 1559 750 1642 videmus,
780 1575 985 1642 quamquam
1014 1575 1075 1641 pro
1105 1563 1196 1626 certo
1225 1558 1347 1625 habere
1376 1576 1560 1642 possumus

364 1698 433 1748 non
462 1682 499 1749 in
528 1681 815 1749 nobilissimorum
846 1697 954 1764 neque
985 1680 1266 1748 divitissimarum
1289 1698 1430 1748 numere
1455 1681 1560 1748 inisse

364 1821 422 1871 eos
451 1805 511 1888 qui
540 1804 600 1871 tali
631 1803 730 1872 medo
761 1807 914 1870 mertuos
937 1819 1018 1870 auos
1041 1807 1269 1870 munerarent.
1295 1803 1417 1871 Mirum
1441 1807 1558 1871 tamen

363 1925 451 2008 quod
481 1943 587 2009 snpra
616 1941 752 1993 carmen
783 1928 941 1991 nostrum
973 1928 1010 1990 et
1035 1924 1126 1991 baud
1148 1924 1247 1991 dubie
1269 1923 1385 1992 eodem
1408 1927 1560 2007 tempore

364 2062 430 2128 quo
458 2045 540 2114 illud
570 2046 696 2115 incisas
727 2046 883 2113 videmus
910 2046 994 2113 duas
1025 2063 1164 2114 coronas
1190 2046 1225 2113 in
1249 2063 1394 2129 quarum
1416 2046 1560 2113 circuitu

363 2165 522 2248 leguntur
532 2166 717 2236 vocabulai
730 2165 835 2249 iecor,
848 2184 992 2251 quarum
1002 2166 1156 2235 alterain
1169 2168 1266 2236 initio
1278 2168 1381 2251 hujus
1392 2185 1559 2236 commen·

364 2287 475 2357 tarioli
493 2288 625 2371 depicta
640 2292 704 2356 ast.
723 2289 801 2357 Jam
821 2287 999 2370 Hesseling
1018 2289 1053 2356 in
1066 2288 1312 2356 Dissertaticne
1327 2289 1387 2376 „de
1399 2289 1560 2358 Oercnis”

364 2414 410 2493 (p.
451 2410 510 2495 48)
543 2408 585 2478 de
617 2409 782 2493 ejusmodi
815 2410 946 2477 coronis
980 2410 1015 2477 in
1050 2411 1282 2478 monumentis
1320 2411 1560 2494 sepulcralibus

364 2532 544 2615 insculptis
565 2531 715 2615 loquitur
732 2534 768 2600 et
787 2535 878 2599 recta
894 2548 1032 2599 coronas
1050 2531 1125 2600 illas
1142 2535 1204 2599 aut
1222 2536 1355 2600 mortuo
1372 2533 1561 2602 destinatas

364 2659 427 2720 aut
459 2653 587 2735 effigias
621 2653 846 2736 praemiorum
879 2654 1001 2736 quibus
1035 2653 1137 2720 vivus
1169 2653 1330 2737 dignatus
1362 2658 1455 2722 esset
1485 2673 1560 2724 esse

365 2778 475 2857 putat.
517 2774 691 2843 Permulta
733 2775 896 2858 ejusmodi
940 2779 1162 2842 monumenta
1201 2775 1398 2858 sepulcralia
1430 2779 1561 2846 coronis

365 2893 546 2979 insculptis
587 2900 709 2964 ornata
742 2913 902 2962 museum
935 2898 1091 2963 nostrum
1121 2913 1165 2963 ex
1196 2896 1281 2964 Asia
1309 2896 1491 2980 acquisivit
1524 2903 1561 2967 et

365 3017 503 3103 saepius
525 3018 561 3084 in
579 3034 778 3086 coronarum
798 3017 941 3084 circuitu
961 3033 1062 3084 voces
1081 3014 1200 3091 tineos
1214 3023 1276 3087 aut
1287 3042 1379 3100 xerpr
1391 3020 1561 3101 leguntur.

364 3138 566 3223 Saepissime
585 3140 688 3207 etiam
708 3139 744 3206 in
764 3137 912 3205 vasculis
930 3137 1066 3206 Graecis
1089 3139 1180 3207 viros
1192 3141 1560 3225 feminasquedepictbs

365 3261 521 3331 videmus
553 3259 746 3343 sepulcrum
781 3260 906 3327 mertui
940 3261 1047 3328 amati
1081 3263 1213 3329 coronis
1242 3266 1412 3331 ornantes.
1444 3264 1561 3347 Neque

366 3385 490 3452 mirum
526 3381 690 3468 ejusmodi
725 3382 820 3464 pium
853 3381 1000 3449 cilicium
1033 3401 1054 3450 a
1086 3380 1280 3464 lugentibus
1318 3387 1560 3468 superstitibus

366 3505 509 3575 mortuis
550 3505 623 3572 suis
664 3503 839 3587 praestari.
882 3502 1021 3570 Minime
1063 3505 1168 3572 etiarn
1203 3507 1395 3574 mirandum
1427 3508 1561 3575 videtur

366 3632 538 3697 mortuum
560 3642 644 3707 erga
661 3626 754 3694 cives
772 3641 853 3692 suos
870 3624 998 3707 optime
1017 3625 1178 3693 meritum
1194 3626 1323 3710 publice
1338 3629 1374 3695 in
1391 3630 1562 3712 exsequiis

366 3746 425 3816 tali
457 3749 581 3816 bonore
617 3745 758 3827 dignari.
793 3743 995 3828 Amglypna
1029 3749 1146 3813 autem
1181 3749 1380 3831 sepulcralia
1411 3751 1561 3818 Athenis

366 3870 506 3939 saeculis
535 3869 655 3953 quinto
684 3869 721 3933 et
750 3866 970 3949 sequentibus
1002 3865 1166 3935 fabricata
1196 3869 1360 3938 familiam
1389 3872 1561 3953 lugentem

365 3996 427 4062 aut
450 3991 577 4060 mortui
599 3989 789 4073 sepulcrum
810 3987 977 4056 colentem
999 3987 1162 4073 denisque
1184 3997 1362 4060 ornantem
1385 3996 1561 4063 ostendere

364 4115 435 4199 jam
467 4114 503 4180 in
536 4110 696 4196 opusculo
729 4127 805 4178 meo
850 4109 923 4196 „die
956 4109 1127 4177 attischen
1162 4112 1309 4180 Grbber”
1353 4120 1562 4185 monstrasse

367 4236 449 4303 mibi
479 4235 603 4303 videor.
635 4232 757 4316 Quidni
786 4232 890 4314 igitur
920 4248 1062 4300 coronae
1085 4232 1160 4301 illae
1183 4235 1306 4318 quibus
1329 4243 1484 4306 mortuus
1508 4240 1562 4308 ille

367 4357 495 4441 publice
523 4360 665 4425 ornatus
694 4357 768 4422 erat
798 4352 965 4435 lapidibus
995 4353 1248 4423 inciderentur?
1281 4357 1336 4425 Sic
1358 4359 1463 4427 etiam
1486 4379 1561 4428 raro

367 4478 403 4545 in
421 4478 586 4562 lapidibus
604 4475 844 4560 sepulcralibus
864 4475 982 4542 atticis
1000 4492 1141 4545 coronae
1163 4478 1328 4562 ejusmodi
1350 4482 1494 4563 eitimam
1515 4484 1561 4550 vi·

368 4599 485 4667 demus
502 4595 627 4680 (Oonne
646 4599 689 4665 A.
710 4597 750 4666 G.
774 4596 873 4673 1321,
895 4596 1241 4687 1322132313233)
1262 4607 1298 4670 et
1317 4622 1561 4688 nonnunquam

368 4722 468 4807 (1323
490 4726 528 4790 et
552 4721 668 4801 1323)
685 4737 821 4788 camren
842 4718 878 4784 in
898 4717 972 4801 ipso
991 4718 1101 4801 lapide
1121 4722 1266 4791 incisum
1278 4742 1396 4793 revera
1406 4744 1563 4795 coronam

367 4843 458 4914 illam
490 4844 559 4913 ciri
591 4844 633 4910 de
667 4840 836 4924 republica
868 4839 996 4922 optime
1032 4844 1152 4910 mento
1188 4845 1303 4914 datam
1343 4865 1419 4916 esse
1457 4848 1564 4916 docet.
