<?xml version="1.0" encoding="UTF-8"?>
<!DOCTYPE html PUBLIC "-//W3C//DTD XHTML 1.0 Transitional//EN"
    "http://www.w3.org/TR/xhtml1/DTD/xhtml1-transitional.dtd">
<html xmlns="http://www.w3.org/1999/xhtml" xml:lang="en" lang="en">
 <head>
  <title>
</title>
<meta http-equiv="Content-Type" content="text/html;charset=utf-8" />
  <meta name='ocr-system' content='tesseract 3.04.00' />
  <meta name='ocr-capabilities' content='ocr_page ocr_carea ocr_par ocr_line ocrx_word'/>
</head>
<body>
  <div class='ocr_page' id='page_1' title='image "./sertumnabericum00nabegoog_0206.png"; bbox 0 0 3848 6006; ppageno 0'>
   <div class='ocr_carea' id='block_1_1' title="bbox 929 815 993 882">
    <p class='ocr_par' dir='ltr' id='par_1_1' title="bbox 929 815 993 882">
     <span class='ocr_line' id='line_1_1' title="bbox 929 815 993 882; baseline -0.047 0"><span class='ocrx_word' id='word_1_1' title='bbox 929 815 993 882; x_wconf 83' lang='lat'>194</span> 
     </span>
    </p>
   </div>
   <div class='ocr_carea' id='block_1_2' title="bbox 357 997 1567 3520">
    <p class='ocr_par' dir='ltr' id='par_1_2' title="bbox 359 997 1559 1328">
     <span class='ocr_line' id='line_1_2' title="bbox 362 997 1558 1084; baseline -0.003 -17"><span class='ocrx_word' id='word_1_2' title='bbox 362 1001 593 1070; x_wconf 90' lang='lat' dir='ltr'>remissionem</span> <span class='ocrx_word' id='word_1_3' title='bbox 617 1018 774 1084; x_wconf 87' lang='lat' dir='ltr'>quaerere</span> <span class='ocrx_word' id='word_1_4' title='bbox 797 999 1044 1067; x_wconf 79' lang='lat' dir='ltr'><strong>consuevimus.</strong></span> <span class='ocrx_word' id='word_1_5' title='bbox 1069 998 1213 1066; x_wconf 88' lang='lat' dir='ltr'>Utinam</span> <span class='ocrx_word' id='word_1_6' title='bbox 1234 997 1383 1080; x_wconf 90' lang='lat' dir='ltr'>corporis</span> <span class='ocrx_word' id='word_1_7' title='bbox 1406 997 1499 1064; x_wconf 86' lang='lat' dir='ltr'>vires</span> <span class='ocrx_word' id='word_1_8' title='bbox 1521 999 1558 1064; x_wconf 89' lang='lat' dir='ltr'>et</span> 
     </span>
     <span class='ocr_line' id='line_1_3' title="bbox 361 1117 1559 1204; baseline -0.003 -15"><span class='ocrx_word' id='word_1_9' title='bbox 361 1123 487 1204; x_wconf 88' lang='lat' dir='ltr'>ingenii</span> <span class='ocrx_word' id='word_1_10' title='bbox 516 1121 672 1190; x_wconf 72' lang='lat' dir='ltr'>abentas</span> <span class='ocrx_word' id='word_1_11' title='bbox 703 1123 765 1190; x_wconf 92' lang='lat' dir='ltr'>tibi</span> <span class='ocrx_word' id='word_1_12' title='bbox 796 1138 855 1204; x_wconf 89' lang='lat' dir='ltr'>per</span> <span class='ocrx_word' id='word_1_13' title='bbox 884 1137 975 1188; x_wconf 85' lang='lat' dir='ltr'>nova</span> <span class='ocrx_word' id='word_1_14' title='bbox 1003 1120 1109 1188; x_wconf 88' lang='lat' dir='ltr'>etiam</span> <span class='ocrx_word' id='word_1_15' title='bbox 1139 1120 1248 1186; x_wconf 87' lang='lat' dir='ltr'>lustra</span> <span class='ocrx_word' id='word_1_16' title='bbox 1268 1119 1331 1186; x_wconf 87' lang='lat' dir='ltr'>hos</span> <span class='ocrx_word' id='word_1_17' title='bbox 1352 1121 1473 1186; x_wconf 89' lang='lat' dir='ltr'>coetus</span> <span class='ocrx_word' id='word_1_18' title='bbox 1497 1117 1559 1184; x_wconf 80' lang='lat' dir='ltr'>ire</span> 
     </span>
     <span class='ocr_line' id='line_1_4' title="bbox 359 1244 739 1328; baseline -0.005 -17"><span class='ocrx_word' id='word_1_19' title='bbox 359 1249 522 1328; x_wconf 83' lang='lat' dir='ltr'>quentare</span> <span class='ocrx_word' id='word_1_20' title='bbox 545 1244 739 1313; x_wconf 87' lang='lat' dir='ltr'>concedant.</span> 
     </span>
    </p>

    <p class='ocr_par' dir='ltr' id='par_1_3' title="bbox 357 1362 1562 1818">
     <span class='ocr_line' id='line_1_5' title="bbox 405 1362 1559 1450; baseline -0.005 -14"><span class='ocrx_word' id='word_1_21' title='bbox 405 1368 457 1436; x_wconf 81' lang='lat' dir='ltr'>Ex</span> <span class='ocrx_word' id='word_1_22' title='bbox 482 1370 545 1437; x_wconf 90' lang='lat' dir='ltr'>hcc</span> <span class='ocrx_word' id='word_1_23' title='bbox 571 1372 689 1435; x_wconf 86' lang='lat' dir='ltr'>autem</span> <span class='ocrx_word' id='word_1_24' title='bbox 712 1366 879 1450; x_wconf 91' lang='lat' dir='ltr'>prooemio</span> <span class='ocrx_word' id='word_1_25' title='bbox 898 1363 1054 1449; x_wconf 84' lang='lat' dir='ltr'>proclivis</span> <span class='ocrx_word' id='word_1_26' title='bbox 1072 1368 1128 1432; x_wconf 89' lang='lat' dir='ltr'>est</span> <span class='ocrx_word' id='word_1_27' title='bbox 1145 1365 1314 1431; x_wconf 80' lang='lat' dir='ltr'><strong>transitus</strong></span> <span class='ocrx_word' id='word_1_28' title='bbox 1329 1363 1373 1431; x_wconf 89' lang='lat' dir='ltr'>ad</span> <span class='ocrx_word' id='word_1_29' title='bbox 1390 1362 1559 1446; x_wconf 85' lang='lat' dir='ltr'>quaestio</span> 
     </span>
     <span class='ocr_line' id='line_1_6' title="bbox 360 1485 1560 1575; baseline -0.007 -16"><span class='ocrx_word' id='word_1_30' title='bbox 360 1508 449 1572; x_wconf 92' lang='lat' dir='ltr'>nem,</span> <span class='ocrx_word' id='word_1_31' title='bbox 481 1509 583 1575; x_wconf 87' lang='lat' dir='ltr'>quam</span> <span class='ocrx_word' id='word_1_32' title='bbox 614 1506 720 1575; x_wconf 82' lang='lat' dir='ltr'>nuper</span> <span class='ocrx_word' id='word_1_33' title='bbox 751 1491 787 1556; x_wconf 92' lang='lat' dir='ltr'>iu</span> <span class='ocrx_word' id='word_1_34' title='bbox 818 1488 973 1556; x_wconf 79' lang='lat' dir='ltr'>sodalitio</span> <span class='ocrx_word' id='word_1_35' title='bbox 997 1488 1129 1570; x_wconf 88' lang='lat' dir='ltr'>plenius</span> <span class='ocrx_word' id='word_1_36' title='bbox 1150 1485 1348 1569; x_wconf 78' lang='lat' dir='ltr'>exposuisse</span> <span class='ocrx_word' id='word_1_37' title='bbox 1371 1501 1428 1552; x_wconf 91' lang='lat' dir='ltr'>me</span> <span class='ocrx_word' id='word_1_38' title='bbox 1451 1501 1560 1552; x_wconf 91' lang='lat' dir='ltr'>recor-</span> 
     </span>
     <span class='ocr_line' id='line_1_7' title="bbox 357 1607 1562 1696; baseline -0.006 -15"><span class='ocrx_word' id='word_1_39' title='bbox 357 1613 507 1695; x_wconf 75' lang='lat' dir='ltr'>daberis,</span> <span class='ocrx_word' id='word_1_40' title='bbox 530 1612 617 1696; x_wconf 84' lang='lat' dir='ltr'>quod</span> <span class='ocrx_word' id='word_1_41' title='bbox 639 1616 754 1679; x_wconf 87' lang='lat' dir='ltr'>autem</span> <span class='ocrx_word' id='word_1_42' title='bbox 779 1615 864 1694; x_wconf 92' lang='lat' dir='ltr'>tum,</span> <span class='ocrx_word' id='word_1_43' title='bbox 885 1613 927 1678; x_wconf 92' lang='lat' dir='ltr'>ut</span> <span class='ocrx_word' id='word_1_44' title='bbox 945 1609 1065 1677; x_wconf 88' lang='lat' dir='ltr'>auditu</span> <span class='ocrx_word' id='word_1_45' title='bbox 1086 1609 1201 1675; x_wconf 89' lang='lat' dir='ltr'>minus</span> <span class='ocrx_word' id='word_1_46' title='bbox 1220 1607 1389 1684; x_wconf 83' lang='lat' dir='ltr'>idoneum,</span> <span class='ocrx_word' id='word_1_47' title='bbox 1411 1610 1562 1691; x_wconf 80' lang='lat' dir='ltr'>praeter·</span> 
     </span>
     <span class='ocr_line' id='line_1_8' title="bbox 361 1731 1178 1818; baseline -0.005 -17"><span class='ocrx_word' id='word_1_48' title='bbox 361 1735 448 1818; x_wconf 86' lang='lat' dir='ltr'>misi,</span> <span class='ocrx_word' id='word_1_49' title='bbox 473 1734 507 1802; x_wconf 91' lang='lat' dir='ltr'>id</span> <span class='ocrx_word' id='word_1_50' title='bbox 530 1735 599 1802; x_wconf 90' lang='lat' dir='ltr'>iam</span> <span class='ocrx_word' id='word_1_51' title='bbox 622 1734 787 1818; x_wconf 89' lang='lat' dir='ltr'>scriptum</span> <span class='ocrx_word' id='word_1_52' title='bbox 810 1732 872 1800; x_wconf 90' lang='lat' dir='ltr'>tibi</span> <span class='ocrx_word' id='word_1_53' title='bbox 894 1731 1046 1798; x_wconf 88' lang='lat' dir='ltr'>dedicare</span> <span class='ocrx_word' id='word_1_54' title='bbox 1067 1731 1178 1798; x_wconf 86' lang='lat' dir='ltr'>liceat.</span> 
     </span>
    </p>

    <p class='ocr_par' dir='ltr' id='par_1_4' title="bbox 361 1851 1567 3520">
     <span class='ocr_line' id='line_1_9' title="bbox 407 1851 1560 1938; baseline -0.003 -14"><span class='ocrx_word' id='word_1_55' title='bbox 407 1857 446 1924; x_wconf 92' lang='lat' dir='ltr'>In</span> <span class='ocrx_word' id='word_1_56' title='bbox 482 1857 676 1934; x_wconf 77' lang='lat' dir='ltr'>certamine,</span> <span class='ocrx_word' id='word_1_57' title='bbox 712 1854 800 1938; x_wconf 89' lang='lat' dir='ltr'>quod</span> <span class='ocrx_word' id='word_1_58' title='bbox 829 1857 1041 1922; x_wconf 88' lang='lat' dir='ltr'>contractum</span> <span class='ocrx_word' id='word_1_59' title='bbox 1071 1856 1126 1920; x_wconf 87' lang='lat' dir='ltr'>est</span> <span class='ocrx_word' id='word_1_60' title='bbox 1155 1853 1209 1920; x_wconf 91' lang='lat' dir='ltr'>his</span> <span class='ocrx_word' id='word_1_61' title='bbox 1238 1852 1340 1919; x_wconf 88' lang='lat' dir='ltr'>annis</span> <span class='ocrx_word' id='word_1_62' title='bbox 1368 1851 1560 1921; x_wconf 86' lang='lat' dir='ltr'>Leonem</span> 
     </span>
     <span class='ocr_line' id='line_1_10' title="bbox 363 1973 1561 2057; baseline -0.002 -13"><span class='ocrx_word' id='word_1_63' title='bbox 363 1977 452 2045; x_wconf 86' lang='lat' dir='ltr'>inter</span> <span class='ocrx_word' id='word_1_64' title='bbox 486 1981 523 2046; x_wconf 93' lang='lat' dir='ltr'>et</span> <span class='ocrx_word' id='word_1_65' title='bbox 556 1975 844 2044; x_wconf 87' lang='lat' dir='ltr'>Skutscbium</span> <span class='ocrx_word' id='word_1_66' title='bbox 879 1974 921 2042; x_wconf 92' lang='lat' dir='ltr'>de</span> <span class='ocrx_word' id='word_1_67' title='bbox 954 1973 1062 2051; x_wconf 81' lang='lat' dir='ltr'>(liri,</span> <span class='ocrx_word' id='word_1_68' title='bbox 1093 1973 1217 2057; x_wconf 89' lang='lat' dir='ltr'>quibus</span> <span class='ocrx_word' id='word_1_69' title='bbox 1245 1973 1302 2040; x_wconf 86' lang='lat' dir='ltr'>aiii</span> <span class='ocrx_word' id='word_1_70' title='bbox 1331 1973 1493 2057; x_wconf 74' lang='lat' dir='ltr'>deinceps</span> <span class='ocrx_word' id='word_1_71' title='bbox 1524 1975 1561 2042; x_wconf 90' lang='lat' dir='ltr'>in</span> 
     </span>
     <span class='ocr_line' id='line_1_11' title="bbox 361 2094 1562 2180; baseline -0.002 -15"><span class='ocrx_word' id='word_1_72' title='bbox 361 2098 486 2167; x_wconf 87' lang='lat' dir='ltr'>litteris</span> <span class='ocrx_word' id='word_1_73' title='bbox 508 2100 626 2167; x_wconf 87' lang='lat' dir='ltr'>heroes</span> <span class='ocrx_word' id='word_1_74' title='bbox 645 2114 719 2165; x_wconf 88' lang='lat' dir='ltr'>sese</span> <span class='ocrx_word' id='word_1_75' title='bbox 739 2097 816 2163; x_wconf 89' lang='lat' dir='ltr'>hinc</span> <span class='ocrx_word' id='word_1_76' title='bbox 835 2100 871 2164; x_wconf 91' lang='lat' dir='ltr'>et</span> <span class='ocrx_word' id='word_1_77' title='bbox 890 2094 980 2163; x_wconf 89' lang='lat' dir='ltr'>illinc</span> <span class='ocrx_word' id='word_1_78' title='bbox 998 2095 1237 2178; x_wconf 86' lang='lat' dir='ltr'>adiunxerunt,</span> <span class='ocrx_word' id='word_1_79' title='bbox 1256 2095 1379 2162; x_wconf 88' lang='lat' dir='ltr'>dubius</span> <span class='ocrx_word' id='word_1_80' title='bbox 1396 2095 1562 2180; x_wconf 86' lang='lat' dir='ltr'>aliquam·</span> 
     </span>
     <span class='ocr_line' id='line_1_12' title="bbox 361 2215 1562 2301; baseline -0.003 -13"><span class='ocrx_word' id='word_1_81' title='bbox 361 2221 419 2288; x_wconf 84' lang='lat' dir='ltr'>diu</span> <span class='ocrx_word' id='word_1_82' title='bbox 450 2221 554 2297; x_wconf 87' lang='lat' dir='ltr'>haesi,</span> <span class='ocrx_word' id='word_1_83' title='bbox 585 2219 654 2288; x_wconf 93' lang='lat' dir='ltr'>utri</span> <span class='ocrx_word' id='word_1_84' title='bbox 684 2235 739 2287; x_wconf 89' lang='lat' dir='ltr'>me</span> <span class='ocrx_word' id='word_1_85' title='bbox 769 2218 858 2301; x_wconf 89' lang='lat' dir='ltr'>parti</span> <span class='ocrx_word' id='word_1_86' title='bbox 887 2216 1084 2284; x_wconf 77' lang='lat' dir='ltr'>addicerem.</span> <span class='ocrx_word' id='word_1_87' title='bbox 1116 2216 1190 2284; x_wconf 87' lang='lat' dir='ltr'>Non</span> <span class='ocrx_word' id='word_1_88' title='bbox 1217 2215 1352 2300; x_wconf 89' lang='lat' dir='ltr'>quidem</span> <span class='ocrx_word' id='word_1_89' title='bbox 1374 2217 1562 2286; x_wconf 83' lang='lat' dir='ltr'>Skutschio</span> 
     </span>
     <span class='ocr_line' id='line_1_13' title="bbox 362 2338 1562 2428; baseline -0.005 -17"><span class='ocrx_word' id='word_1_90' title='bbox 362 2343 510 2428; x_wconf 88' lang='lat' dir='ltr'>palmam</span> <span class='ocrx_word' id='word_1_91' title='bbox 528 2341 665 2410; x_wconf 93' lang='lat' dir='ltr'>omnino</span> <span class='ocrx_word' id='word_1_92' title='bbox 684 2339 898 2408; x_wconf 87' lang='lat' dir='ltr'>tribuendam</span> <span class='ocrx_word' id='word_1_93' title='bbox 916 2355 992 2406; x_wconf 89' lang='lat' dir='ltr'>esse</span> <span class='ocrx_word' id='word_1_94' title='bbox 1010 2339 1198 2416; x_wconf 85' lang='lat' dir='ltr'>censebam,</span> <span class='ocrx_word' id='word_1_95' title='bbox 1214 2338 1273 2405; x_wconf 91' lang='lat' dir='ltr'>sed</span> <span class='ocrx_word' id='word_1_96' title='bbox 1288 2341 1405 2406; x_wconf 64' lang='lat' dir='ltr'>umen</span> <span class='ocrx_word' id='word_1_97' title='bbox 1421 2355 1562 2406; x_wconf 85' lang='lat' dir='ltr'>carmen</span> 
     </span>
     <span class='ocr_line' id='line_1_14' title="bbox 363 2459 1564 2548; baseline -0.003 -15"><span class='ocrx_word' id='word_1_98' title='bbox 363 2464 579 2548; x_wconf 78' lang='lat' dir='ltr'>neutericum,</span> <span class='ocrx_word' id='word_1_99' title='bbox 604 2467 644 2530; x_wconf 94' lang='lat' dir='ltr'>ut</span> <span class='ocrx_word' id='word_1_100' title='bbox 665 2465 817 2544; x_wconf 85' lang='lat' dir='ltr'>vocatur,</span> <span class='ocrx_word' id='word_1_101' title='bbox 840 2461 938 2544; x_wconf 88' lang='lat' dir='ltr'>quale</span> <span class='ocrx_word' id='word_1_102' title='bbox 960 2460 1048 2528; x_wconf 85' lang='lat' dir='ltr'>(liris</span> <span class='ocrx_word' id='word_1_103' title='bbox 1065 2465 1131 2537; x_wconf 86' lang='lat' dir='ltr'>est,</span> <span class='ocrx_word' id='word_1_104' title='bbox 1150 2462 1228 2544; x_wconf 85' lang='lat' dir='ltr'>post</span> <span class='ocrx_word' id='word_1_105' title='bbox 1246 2459 1385 2542; x_wconf 80' lang='lat' dir='ltr'>Vergilii</span> <span class='ocrx_word' id='word_1_106' title='bbox 1404 2462 1564 2544; x_wconf 86' lang='lat' dir='ltr'>tempora</span> 
     </span>
     <span class='ocr_line' id='line_1_15' title="bbox 364 2578 1565 2668; baseline -0.001 -16"><span class='ocrx_word' id='word_1_107' title='bbox 364 2584 464 2653; x_wconf 84' lang='lat' dir='ltr'>scribi</span> <span class='ocrx_word' id='word_1_108' title='bbox 494 2584 646 2668; x_wconf 88' lang='lat' dir='ltr'>potuisse</span> <span class='ocrx_word' id='word_1_109' title='bbox 676 2583 735 2649; x_wconf 86' lang='lat' dir='ltr'>vix</span> <span class='ocrx_word' id='word_1_110' title='bbox 765 2578 920 2650; x_wconf 80' lang='lat' dir='ltr'>credibile</span> <span class='ocrx_word' id='word_1_111' title='bbox 951 2581 1033 2648; x_wconf 91' lang='lat' dir='ltr'>mibi</span> <span class='ocrx_word' id='word_1_112' title='bbox 1059 2598 1135 2649; x_wconf 89' lang='lat' dir='ltr'>esse</span> <span class='ocrx_word' id='word_1_113' title='bbox 1158 2580 1345 2648; x_wconf 77' lang='lat' dir='ltr'>videbatur.</span> <span class='ocrx_word' id='word_1_114' title='bbox 1367 2581 1457 2651; x_wconf 81' lang='lat' dir='ltr'>cum</span> <span class='ocrx_word' id='word_1_115' title='bbox 1480 2598 1565 2651; x_wconf 84' lang='lat' dir='ltr'>vero</span> 
     </span>
     <span class='ocr_line' id='line_1_16' title="bbox 364 2702 1562 2790; baseline -0.001 -17"><span class='ocrx_word' id='word_1_116' title='bbox 364 2709 476 2774; x_wconf 88' lang='lat' dir='ltr'>totum</span> <span class='ocrx_word' id='word_1_117' title='bbox 506 2705 652 2790; x_wconf 91' lang='lat' dir='ltr'>epullion</span> <span class='ocrx_word' id='word_1_118' title='bbox 683 2705 718 2772; x_wconf 91' lang='lat' dir='ltr'>in</span> <span class='ocrx_word' id='word_1_119' title='bbox 742 2702 960 2771; x_wconf 83' lang='lat' dir='ltr'>vernaculum</span> <span class='ocrx_word' id='word_1_120' title='bbox 984 2720 1176 2770; x_wconf 89' lang='lat' dir='ltr'>sermonem</span> <span class='ocrx_word' id='word_1_121' title='bbox 1198 2703 1382 2771; x_wconf 78' lang='lat' dir='ltr'>transieris</span> <span class='ocrx_word' id='word_1_122' title='bbox 1403 2707 1562 2790; x_wconf 88' lang='lat' dir='ltr'>conatus,</span> 
     </span>
     <span class='ocr_line' id='line_1_17' title="bbox 364 2825 1564 2911; baseline -0.001 -16"><span class='ocrx_word' id='word_1_123' title='bbox 364 2829 497 2910; x_wconf 90' lang='lat' dir='ltr'>singula</span> <span class='ocrx_word' id='word_1_124' title='bbox 516 2829 627 2910; x_wconf 85' lang='lat' dir='ltr'>verba,</span> <span class='ocrx_word' id='word_1_125' title='bbox 649 2843 776 2911; x_wconf 86' lang='lat' dir='ltr'>versus,</span> <span class='ocrx_word' id='word_1_126' title='bbox 797 2825 946 2910; x_wconf 88' lang='lat' dir='ltr'>episodia</span> <span class='ocrx_word' id='word_1_127' title='bbox 963 2841 1004 2893; x_wconf 87' lang='lat' dir='ltr'>ea</span> <span class='ocrx_word' id='word_1_128' title='bbox 1022 2842 1088 2908; x_wconf 87' lang='lat' dir='ltr'>qua</span> <span class='ocrx_word' id='word_1_129' title='bbox 1102 2841 1163 2908; x_wconf 90' lang='lat' dir='ltr'>par</span> <span class='ocrx_word' id='word_1_130' title='bbox 1179 2828 1252 2891; x_wconf 84' lang='lat' dir='ltr'>erat</span> <span class='ocrx_word' id='word_1_131' title='bbox 1266 2841 1348 2892; x_wconf 90' lang='lat' dir='ltr'>cura</span> <span class='ocrx_word' id='word_1_132' title='bbox 1361 2829 1564 2894; x_wconf 72' lang='lat' dir='ltr'>excuterem</span> 
     </span>
     <span class='ocr_line' id='line_1_18' title="bbox 365 2946 1564 3034; baseline 0 -16"><span class='ocrx_word' id='word_1_133' title='bbox 365 2950 518 3033; x_wconf 84' lang='lat' dir='ltr'>locosque</span> <span class='ocrx_word' id='word_1_134' title='bbox 533 2947 705 3032; x_wconf 84' lang='lat' dir='ltr'>parallelos</span> <span class='ocrx_word' id='word_1_135' title='bbox 719 2964 738 3014; x_wconf 89' lang='lat' dir='ltr'>e</span> <span class='ocrx_word' id='word_1_136' title='bbox 754 2946 844 3031; x_wconf 92' lang='lat' dir='ltr'>poesi</span> <span class='ocrx_word' id='word_1_137' title='bbox 859 2946 965 3014; x_wconf 88' lang='lat' dir='ltr'>latina</span> <span class='ocrx_word' id='word_1_138' title='bbox 976 2947 1155 3028; x_wconf 87' lang='lat' dir='ltr'>diiigenter</span> <span class='ocrx_word' id='word_1_139' title='bbox 1165 2964 1405 3034; x_wconf 87' lang='lat' dir='ltr'>compararem,</span> <span class='ocrx_word' id='word_1_140' title='bbox 1420 2950 1564 3018; x_wconf 79' lang='lat' dir='ltr'>taudem</span> 
     </span>
     <span class='ocr_line' id='line_1_19' title="bbox 365 3068 1565 3151; baseline 0.001 -13"><span class='ocrx_word' id='word_1_141' title='bbox 365 3069 458 3138; x_wconf 85' lang='lat' dir='ltr'>nulla</span> <span class='ocrx_word' id='word_1_142' title='bbox 483 3069 649 3138; x_wconf 80' lang='lat' dir='ltr'>dubitatio</span> <span class='ocrx_word' id='word_1_143' title='bbox 672 3068 847 3146; x_wconf 80' lang='lat' dir='ltr'>remansit,</span> <span class='ocrx_word' id='word_1_144' title='bbox 871 3069 952 3151; x_wconf 91' lang='lat' dir='ltr'>quin</span> <span class='ocrx_word' id='word_1_145' title='bbox 975 3072 1107 3135; x_wconf 91' lang='lat' dir='ltr'>certum</span> <span class='ocrx_word' id='word_1_146' title='bbox 1130 3069 1166 3136; x_wconf 93' lang='lat' dir='ltr'>in</span> <span class='ocrx_word' id='word_1_147' title='bbox 1189 3068 1252 3135; x_wconf 87' lang='lat' dir='ltr'>bac</span> <span class='ocrx_word' id='word_1_148' title='bbox 1272 3085 1377 3137; x_wconf 87' lang='lat' dir='ltr'>causa</span> <span class='ocrx_word' id='word_1_149' title='bbox 1397 3069 1565 3139; x_wconf 86' lang='lat' dir='ltr'>iudicium</span> 
     </span>
     <span class='ocr_line' id='line_1_20' title="bbox 366 3188 1566 3276; baseline -0.002 -16"><span class='ocrx_word' id='word_1_150' title='bbox 366 3192 463 3261; x_wconf 86' lang='lat' dir='ltr'>nobis</span> <span class='ocrx_word' id='word_1_151' title='bbox 478 3193 564 3260; x_wconf 84' lang='lat' dir='ltr'>ferre</span> <span class='ocrx_word' id='word_1_152' title='bbox 577 3191 692 3258; x_wconf 89' lang='lat' dir='ltr'>liceret</span> <span class='ocrx_word' id='word_1_153' title='bbox 708 3189 745 3276; x_wconf 86' lang='lat'>¹),</span> <span class='ocrx_word' id='word_1_154' title='bbox 760 3205 880 3274; x_wconf 89' lang='lat' dir='ltr'>nempe</span> <span class='ocrx_word' id='word_1_155' title='bbox 895 3190 965 3271; x_wconf 88' lang='lat' dir='ltr'>hoc,</span> <span class='ocrx_word' id='word_1_156' title='bbox 986 3188 1103 3256; x_wconf 83' lang='lat' dir='ltr'>Ciris</span> <span class='ocrx_word' id='word_1_157' title='bbox 1121 3194 1294 3258; x_wconf 76' lang='lat' dir='ltr'>auctorem</span> <span class='ocrx_word' id='word_1_158' title='bbox 1307 3190 1412 3259; x_wconf 85' lang='lat' dir='ltr'>luisse</span> <span class='ocrx_word' id='word_1_159' title='bbox 1425 3196 1566 3276; x_wconf 83' lang='lat' dir='ltr'>poetam</span> 
     </span>
     <span class='ocr_line' id='line_1_21' title="bbox 365 3310 1567 3400; baseline 0.003 -19"><span class='ocrx_word' id='word_1_160' title='bbox 365 3313 462 3383; x_wconf 80' lang='lat' dir='ltr'>valde</span> <span class='ocrx_word' id='word_1_161' title='bbox 491 3312 702 3394; x_wconf 88' lang='lat' dir='ltr'>mediocrem,</span> <span class='ocrx_word' id='word_1_162' title='bbox 725 3311 784 3394; x_wconf 89' lang='lat' dir='ltr'>qui</span> <span class='ocrx_word' id='word_1_163' title='bbox 805 3312 965 3379; x_wconf 81' lang='lat' dir='ltr'>assiduus</span> <span class='ocrx_word' id='word_1_164' title='bbox 988 3310 1111 3380; x_wconf 84' lang='lat' dir='ltr'>catulli</span> <span class='ocrx_word' id='word_1_165' title='bbox 1134 3315 1171 3378; x_wconf 90' lang='lat' dir='ltr'>et</span> <span class='ocrx_word' id='word_1_166' title='bbox 1193 3311 1333 3394; x_wconf 88' lang='lat' dir='ltr'>Vergilii</span> <span class='ocrx_word' id='word_1_167' title='bbox 1353 3311 1567 3400; x_wconf 86' lang='lat' dir='ltr'>aliorumque</span> 
     </span>
     <span class='ocr_line' id='line_1_22' title="bbox 364 3431 1566 3520; baseline 0.002 -16"><span class='ocrx_word' id='word_1_168' title='bbox 364 3439 541 3520; x_wconf 85' lang='lat' dir='ltr'>poctarum</span> <span class='ocrx_word' id='word_1_169' title='bbox 556 3434 645 3501; x_wconf 92' lang='lat' dir='ltr'>iilius</span> <span class='ocrx_word' id='word_1_170' title='bbox 659 3435 784 3501; x_wconf 71' lang='lat' dir='ltr'>aeteus</span> <span class='ocrx_word' id='word_1_171' title='bbox 799 3433 951 3500; x_wconf 89' lang='lat' dir='ltr'>imitator</span> <span class='ocrx_word' id='word_1_172' title='bbox 966 3436 1002 3500; x_wconf 93' lang='lat' dir='ltr'>et</span> <span class='ocrx_word' id='word_1_173' title='bbox 1017 3431 1215 3515; x_wconf 88' lang='lat' dir='ltr'>compilator</span> <span class='ocrx_word' id='word_1_174' title='bbox 1229 3435 1412 3503; x_wconf 82' lang='lat' dir='ltr'>exstiterit</span> <span class='ocrx_word' id='word_1_175' title='bbox 1433 3437 1566 3520; x_wconf 80' lang='lat' dir='ltr'>Quibus</span> 
     </span>
    </p>
   </div>
   <div class='ocr_carea' id='block_1_3' title="bbox 366 3554 1704 3639">
    <p class='ocr_par' dir='ltr' id='par_1_5' title="bbox 366 3554 1704 3639">
     <span class='ocr_line' id='line_1_23' title="bbox 366 3554 1704 3639; baseline 0 -13"><span class='ocrx_word' id='word_1_176' title='bbox 366 3556 576 3639; x_wconf 80' lang='lat' dir='ltr'>argumentis</span> <span class='ocrx_word' id='word_1_177' title='bbox 606 3556 688 3623; x_wconf 85' lang='lat' dir='ltr'>haec</span> <span class='ocrx_word' id='word_1_178' title='bbox 714 3556 887 3623; x_wconf 88' lang='lat' dir='ltr'>sententia</span> <span class='ocrx_word' id='word_1_179' title='bbox 909 3554 1051 3632; x_wconf 86' lang='lat' dir='ltr'>nitatur,</span> <span class='ocrx_word' id='word_1_180' title='bbox 1074 3554 1138 3622; x_wconf 87' lang='lat' dir='ltr'>bac</span> <span class='ocrx_word' id='word_1_181' title='bbox 1159 3561 1305 3639; x_wconf 88' lang='lat' dir='ltr'>angusta</span> <span class='ocrx_word' id='word_1_182' title='bbox 1325 3557 1567 3628; x_wconf 86' lang='lat' dir='ltr'>dissertatione</span> <span class='ocrx_word' id='word_1_183' title='bbox 1702 3605 1704 3609; x_wconf 28' lang='grc' dir='ltr'><em>ψ</em></span> 
     </span>
    </p>
   </div>
   <div class='ocr_carea' id='block_1_4' title="bbox 367 3677 1568 4616">
    <p class='ocr_par' dir='ltr' id='par_1_6' title="bbox 367 3677 1568 4616">
     <span class='ocr_line' id='line_1_24' title="bbox 368 3677 1566 3761; baseline 0.002 -13"><span class='ocrx_word' id='word_1_184' title='bbox 368 3680 421 3748; x_wconf 87' lang='lat' dir='ltr'>vei</span> <span class='ocrx_word' id='word_1_185' title='bbox 451 3678 598 3747; x_wconf 89' lang='lat' dir='ltr'>strictim</span> <span class='ocrx_word' id='word_1_186' title='bbox 627 3694 793 3761; x_wconf 86' lang='lat' dir='ltr'>exponere</span> <span class='ocrx_word' id='word_1_187' title='bbox 823 3694 961 3760; x_wconf 86' lang='lat' dir='ltr'>nequeo.</span> <span class='ocrx_word' id='word_1_188' title='bbox 1001 3677 1156 3744; x_wconf 84' lang='lat' dir='ltr'>Praestat</span> <span class='ocrx_word' id='word_1_189' title='bbox 1186 3677 1317 3761; x_wconf 86' lang='lat' dir='ltr'>idcirco,</span> <span class='ocrx_word' id='word_1_190' title='bbox 1349 3696 1429 3747; x_wconf 87' lang='lat' dir='ltr'>curn</span> <span class='ocrx_word' id='word_1_191' title='bbox 1459 3686 1566 3750; x_wconf 73' lang='lat' dir='ltr'>certa</span> 
     </span>
     <span class='ocr_line' id='line_1_25' title="bbox 369 3799 1567 3884; baseline 0.003 -15"><span class='ocrx_word' id='word_1_192' title='bbox 369 3802 471 3870; x_wconf 90' lang='lat' dir='ltr'>minis</span> <span class='ocrx_word' id='word_1_193' title='bbox 501 3801 624 3869; x_wconf 90' lang='lat' dir='ltr'>solutio</span> <span class='ocrx_word' id='word_1_194' title='bbox 653 3818 712 3884; x_wconf 93' lang='lat' dir='ltr'>pro</span> <span class='ocrx_word' id='word_1_195' title='bbox 743 3817 866 3883; x_wconf 82' lang='lat' dir='ltr'>magna</span> <span class='ocrx_word' id='word_1_196' title='bbox 895 3804 992 3883; x_wconf 89' lang='lat' dir='ltr'>parte</span> <span class='ocrx_word' id='word_1_197' title='bbox 1019 3799 1163 3881; x_wconf 85' lang='lat' dir='ltr'>pendeat</span> <span class='ocrx_word' id='word_1_198' title='bbox 1185 3816 1204 3866; x_wconf 94' lang='lat' dir='ltr'>e</span> <span class='ocrx_word' id='word_1_199' title='bbox 1227 3799 1376 3867; x_wconf 87' lang='lat' dir='ltr'>iocorum</span> <span class='ocrx_word' id='word_1_200' title='bbox 1399 3801 1567 3873; x_wconf 86' lang='lat' dir='ltr'>similium</span> 
     </span>
     <span class='ocr_line' id='line_1_26' title="bbox 367 3921 1566 4004; baseline 0.001 -11"><span class='ocrx_word' id='word_1_201' title='bbox 367 3923 478 3993; x_wconf 90' lang='lat' dir='ltr'>indole</span> <span class='ocrx_word' id='word_1_202' title='bbox 508 3940 548 3991; x_wconf 89' lang='lat' dir='ltr'>ac</span> <span class='ocrx_word' id='word_1_203' title='bbox 577 3921 741 4003; x_wconf 80' lang='lat' dir='ltr'>dignitate</span> <span class='ocrx_word' id='word_1_204' title='bbox 770 3926 808 3989; x_wconf 90' lang='lat' dir='ltr'>et</span> <span class='ocrx_word' id='word_1_205' title='bbox 834 3921 1097 4004; x_wconf 82' lang='lat' dir='ltr'>opportunitate,</span> <span class='ocrx_word' id='word_1_206' title='bbox 1121 3939 1246 3989; x_wconf 83' lang='lat' dir='ltr'>novam</span> <span class='ocrx_word' id='word_1_207' title='bbox 1269 3921 1566 3994; x_wconf 86' lang='lat' dir='ltr'>imitamentomm</span> 
     </span>
     <span class='ocr_line' id='line_1_27' title="bbox 368 4042 1565 4130; baseline -0.001 -15"><span class='ocrx_word' id='word_1_208' title='bbox 368 4051 518 4127; x_wconf 88' lang='lat' dir='ltr'>segetem</span> <span class='ocrx_word' id='word_1_209' title='bbox 537 4043 694 4127; x_wconf 85' lang='lat' dir='ltr'>prolerre,</span> <span class='ocrx_word' id='word_1_210' title='bbox 713 4061 817 4126; x_wconf 81' lang='lat' dir='ltr'>quum</span> <span class='ocrx_word' id='word_1_211' title='bbox 836 4042 986 4125; x_wconf 87' lang='lat' dir='ltr'>colligere</span> <span class='ocrx_word' id='word_1_212' title='bbox 1006 4043 1089 4110; x_wconf 88' lang='lat' dir='ltr'>milri</span> <span class='ocrx_word' id='word_1_213' title='bbox 1107 4044 1251 4127; x_wconf 90' lang='lat' dir='ltr'>contigit</span> <span class='ocrx_word' id='word_1_214' title='bbox 1269 4045 1400 4113; x_wconf 87' lang='lat' dir='ltr'>nonita</span> <span class='ocrx_word' id='word_1_215' title='bbox 1411 4063 1565 4130; x_wconf 81' lang='lat' dir='ltr'>parvam.</span> 
     </span>
     <span class='ocr_line' id='line_1_28' title="bbox 369 4164 1568 4251; baseline 0.003 -16"><span class='ocrx_word' id='word_1_216' title='bbox 369 4167 454 4236; x_wconf 77' lang='lat' dir='ltr'>(ium</span> <span class='ocrx_word' id='word_1_217' title='bbox 483 4166 576 4233; x_wconf 91' lang='lat' dir='ltr'>enim</span> <span class='ocrx_word' id='word_1_218' title='bbox 602 4164 666 4231; x_wconf 89' lang='lat' dir='ltr'>viri</span> <span class='ocrx_word' id='word_1_219' title='bbox 697 4164 785 4233; x_wconf 90' lang='lat' dir='ltr'>docti</span> <span class='ocrx_word' id='word_1_220' title='bbox 814 4164 876 4231; x_wconf 81' lang='lat' dir='ltr'>ct</span> <span class='ocrx_word' id='word_1_221' title='bbox 907 4165 1052 4248; x_wconf 88' lang='lat' dir='ltr'>amplius</span> <span class='ocrx_word' id='word_1_222' title='bbox 1075 4167 1239 4235; x_wconf 89' lang='lat' dir='ltr'>eiusmodi</span> <span class='ocrx_word' id='word_1_223' title='bbox 1262 4166 1351 4235; x_wconf 91' lang='lat' dir='ltr'>locos</span> <span class='ocrx_word' id='word_1_224' title='bbox 1374 4173 1568 4251; x_wconf 88' lang='lat' dir='ltr'>notassent,</span> 
     </span>
     <span class='ocr_line' id='line_1_29' title="bbox 369 4285 1567 4372; baseline 0.003 -16"><span class='ocrx_word' id='word_1_225' title='bbox 369 4288 570 4372; x_wconf 87' lang='lat' dir='ltr'>deprehendi</span> <span class='ocrx_word' id='word_1_226' title='bbox 601 4286 766 4370; x_wconf 87' lang='lat' dir='ltr'>paulatim</span> <span class='ocrx_word' id='word_1_227' title='bbox 796 4287 901 4354; x_wconf 82' lang='lat' dir='ltr'>etiam</span> <span class='ocrx_word' id='word_1_228' title='bbox 931 4285 959 4351; x_wconf 86' lang='lat' dir='ltr'>L</span> <span class='ocrx_word' id='word_1_229' title='bbox 990 4287 1133 4365; x_wconf 87' lang='lat' dir='ltr'>circiter,</span> <span class='ocrx_word' id='word_1_230' title='bbox 1164 4287 1223 4354; x_wconf 87' lang='lat' dir='ltr'>ubi</span> <span class='ocrx_word' id='word_1_231' title='bbox 1249 4288 1350 4356; x_wconf 88' lang='lat' dir='ltr'>unius</span> <span class='ocrx_word' id='word_1_232' title='bbox 1373 4287 1567 4372; x_wconf 88' lang='lat' dir='ltr'>pluriumve</span> 
     </span>
     <span class='ocr_line' id='line_1_30' title="bbox 369 4406 1568 4495; baseline 0.002 -16"><span class='ocrx_word' id='word_1_233' title='bbox 369 4411 549 4479; x_wconf 84' lang='lat' dir='ltr'>verborum</span> <span class='ocrx_word' id='word_1_234' title='bbox 579 4406 773 4490; x_wconf 87' lang='lat' dir='ltr'>similitudo,</span> <span class='ocrx_word' id='word_1_235' title='bbox 806 4424 884 4474; x_wconf 90' lang='lat' dir='ltr'>cum</span> <span class='ocrx_word' id='word_1_236' title='bbox 912 4407 1109 4475; x_wconf 85' lang='lat' dir='ltr'>Catullianis</span> <span class='ocrx_word' id='word_1_237' title='bbox 1132 4411 1168 4476; x_wconf 93' lang='lat' dir='ltr'>et</span> <span class='ocrx_word' id='word_1_238' title='bbox 1192 4408 1395 4490; x_wconf 86' lang='lat' dir='ltr'>Vergilianis</span> <span class='ocrx_word' id='word_1_239' title='bbox 1418 4429 1568 4495; x_wconf 87' lang='lat' dir='ltr'>praeser-</span> 
     </span>
     <span class='ocr_line' id='line_1_31' title="bbox 369 4528 1269 4616; baseline -0.002 -17"><span class='ocrx_word' id='word_1_240' title='bbox 369 4533 443 4616; x_wconf 88' lang='lat' dir='ltr'>tim,</span> <span class='ocrx_word' id='word_1_241' title='bbox 468 4531 547 4598; x_wconf 88' lang='lat' dir='ltr'>talis</span> <span class='ocrx_word' id='word_1_242' title='bbox 569 4532 625 4597; x_wconf 92' lang='lat' dir='ltr'>est</span> <span class='ocrx_word' id='word_1_243' title='bbox 648 4532 688 4596; x_wconf 91' lang='lat' dir='ltr'>ut</span> <span class='ocrx_word' id='word_1_244' title='bbox 709 4528 849 4596; x_wconf 83' lang='lat' dir='ltr'>fortuito</span> <span class='ocrx_word' id='word_1_245' title='bbox 871 4533 946 4597; x_wconf 90' lang='lat' dir='ltr'>orta</span> <span class='ocrx_word' id='word_1_246' title='bbox 968 4547 1044 4597; x_wconf 87' lang='lat' dir='ltr'>esse</span> <span class='ocrx_word' id='word_1_247' title='bbox 1067 4530 1126 4597; x_wconf 80' lang='lat' dir='ltr'>vix</span> <span class='ocrx_word' id='word_1_248' title='bbox 1151 4531 1269 4614; x_wconf 89' lang='lat' dir='ltr'>possit.</span> 
     </span>
    </p>
   </div>
   <div class='ocr_carea' id='block_1_5' title="bbox 370 4708 1568 4861">
    <p class='ocr_par' dir='ltr' id='par_1_7' title="bbox 370 4708 1568 4861">
     <span class='ocr_line' id='line_1_32' title="bbox 406 4708 1568 4778; baseline 0.01 -22"><span class='ocrx_word' id='word_1_249' title='bbox 406 4709 432 4770; x_wconf 82' lang='lat' dir='ltr'>i&gt;</span> <span class='ocrx_word' id='word_1_250' title='bbox 455 4708 560 4775; x_wconf 71' lang='lat' dir='ltr'>Negavit</span> <span class='ocrx_word' id='word_1_251' title='bbox 583 4712 628 4761; x_wconf 83' lang='lat' dir='ltr'>hoo</span> <span class='ocrx_word' id='word_1_252' title='bbox 652 4711 749 4760; x_wconf 80' lang='lat' dir='ltr'>Kdrtc</span> <span class='ocrx_word' id='word_1_253' title='bbox 773 4711 797 4760; x_wconf 87' lang='lat' dir='ltr'>iu</span> <span class='ocrx_word' id='word_1_254' title='bbox 821 4711 942 4761; x_wconf 84' lang='lat' dir='ltr'>Hobdom.</span> <span class='ocrx_word' id='word_1_255' title='bbox 965 4710 1026 4776; x_wconf 84' lang='lat' dir='ltr'>phil.</span> <span class='ocrx_word' id='word_1_256' title='bbox 1049 4710 1081 4762; x_wconf 88' lang='lat' dir='ltr'>cl.</span> <span class='ocrx_word' id='word_1_257' title='bbox 1106 4711 1184 4761; x_wconf 83' lang='lat' dir='ltr'>xxiv</span> <span class='ocrx_word' id='word_1_258' title='bbox 1206 4711 1568 4778; x_wconf 69' lang='lat' dir='ltr'>luoip.18412‚·ubiosriv</span> 
     </span>
     <span class='ocr_line' id='line_1_33' title="bbox 370 4791 961 4861; baseline 0.003 -19"><span class='ocrx_word' id='word_1_259' title='bbox 370 4791 430 4842; x_wconf 73' lang='lat' dir='ltr'>wird</span> <span class='ocrx_word' id='word_1_260' title='bbox 447 4793 491 4842; x_wconf 79' lang='lat' dir='ltr'>dn</span> <span class='ocrx_word' id='word_1_261' title='bbox 510 4793 606 4844; x_wconf 82' lang='lat' dir='ltr'>Urtheil</span> <span class='ocrx_word' id='word_1_262' title='bbox 625 4795 650 4845; x_wconf 89' lang='lat' dir='ltr'>in</span> <span class='ocrx_word' id='word_1_263' title='bbox 666 4795 747 4861; x_wconf 76' lang='lat' dir='ltr'>jodam</span> <span class='ocrx_word' id='word_1_264' title='bbox 766 4794 821 4844; x_wconf 70' lang='lat' dir='ltr'>lali</span> <span class='ocrx_word' id='word_1_265' title='bbox 839 4795 961 4846; x_wconf 83' lang='lat' dir='ltr'>bleiben.”</span> 
     </span>
    </p>
   </div>
   <div class='ocr_carea' id='block_1_6' title="bbox 0 0 1944 6006">
    <p class='ocr_par' dir='ltr' id='par_1_8' title="bbox 0 0 1944 6006">
     <span class='ocr_line' id='line_1_34' title="bbox 0 0 1944 6006; baseline 0 0"><span class='ocrx_word' id='word_1_266' title='bbox 0 0 1944 6006; x_wconf 95' lang='lat' dir='ltr'> </span> 
     </span>
    </p>
   </div>
  </div>
 </body>
</html>
