3848 6006
928 823 997 891 215

372 1006 444 1086 post
473 1021 560 1087 quos
589 1003 710 1071 statim
736 1004 889 1088 sequitur
911 1023 963 1073 va
989 1007 1065 1074 174.
1088 1004 1325 1073 antecessisse
1346 1007 1463 1071 autem
1486 1002 1561 1071 sive

369 1125 501 1193 eosdem
523 1143 645 1193 versus
666 1144 752 1210 ques
769 1126 866 1194 hodie
885 1131 963 1211 post
985 1128 1048 1194 166
1067 1130 1248 1210 sequentes
1264 1143 1368 1209 supra
1386 1125 1559 1210 exscripsi,

368 1246 439 1315 sive
467 1246 553 1315 alios
582 1265 723 1317 numero
751 1265 860 1332 pares,
884 1248 919 1316 iu
941 1265 985 1315 ex
1007 1248 1162 1317 loliorum
1184 1248 1326 1316 duorum
1350 1247 1409 1331 qui
1431 1247 1561 1314 servati

367 1371 449 1436 sunt
479 1369 548 1446 (BI
578 1371 615 1436 et
644 1369 731 1454 ΒΗ)
760 1369 952 1438 condicione
975 1369 1025 1436 ita
1047 1372 1192 1448 constat,
1212 1374 1253 1438 ut
1276 1370 1316 1436 de
1338 1386 1380 1437 ea
1401 1387 1438 1437 re
1460 1385 1560 1436 nemo

365 1489 507 1557 dubitet

411 1610 492 1678 Fuit
521 1610 636 1694 itaque
658 1611 694 1679 iu
717 1612 906 1694 fragmenta
929 1629 1026 1689 nove,
1052 1613 1086 1680 iu
1110 1616 1165 1681 est
1187 1613 1222 1680 in
1244 1613 1428 1696 exemplari
1451 1613 1559 1681 multe

364 1732 546 1814 antiquiori
563 1749 668 1816 qnam
686 1733 816 1801 codices
835 1733 944 1801 nostri
963 1737 1055 1819 eunt,
1071 1734 1151 1801 linis
1162 1735 1331 1818 pericopes
1341 1752 1427 1817 quae
1438 1734 1561 1816 agebat

365 1853 407 1920 de
424 1853 564 1921 hereum
585 1854 659 1921 vita
677 1855 777 1923 beata
794 1854 949 1923 diversus
966 1856 1009 1922 ab
1027 1871 1067 1923 eo
1085 1874 1186 1939 quem
1197 1856 1371 1937 cognitum
1382 1856 1559 1923 habemus.

364 1975 531 2059 Quoniam
549 1978 669 2044 autem
688 1978 811 2046 statim
831 1981 907 2061 post
926 1995 1032 2046 novos
1050 1996 1171 2047 versus
1186 1978 1240 2046 hic
1251 1979 1404 2061 sequitur
1417 1996 1468 2045 vs.
1484 1978 1557 2063 174,

364 2099 413 2166 sic
435 2098 476 2165 de
495 2103 570 2166 tcta
588 2116 624 2165 re
642 2099 849 2168 censendum
867 2101 1068 2184 opinabatur
1087 2100 1216 2168 Nicolet
1237 2100 1331 2168 Nous
1349 2117 1475 2167 sarone
1494 2116 1559 2182 que

363 2221 513 2288 certains
540 2220 701 2304 critiquee
722 2221 860 2289 auriens
882 2222 1141 2290 condamnaieut
1164 2222 1388 2304 precisemeut
1409 2221 1459 2289 les
1482 2238 1559 2288 vere

368 2342 545 2409 169-173
569 2343 629 2410 des
650 2343 796 2411 editiom
818 2342 996 2429 vulgaires,
1020 2361 1150 2412 comme
1169 2343 1392 2412 affaiblissaut
1411 2361 1470 2426 par
1489 2359 1559 2409 une

364 2464 484 2532 inutile
506 2465 714 2532 redundante
736 2464 833 2532 l’elan
856 2467 1011 2550 poetique
1029 2465 1070 2532 de
1089 2468 1167 2534 tout
1186 2467 1217 2533 le
1234 2482 1377 2549 passage
1396 2471 1441 2542 (v.
1455 2464 1558 2532 schol.

366 2585 493 2654 Procul.
525 2587 548 2653 a
577 2605 699 2671 propos
727 2587 773 2654 du
806 2604 858 2652 va.
884 2590 974 2668 169).
999 2587 1092 2656 Nous
1113 2605 1267 2671 pouvous
1289 2587 1373 2654 douc
1394 2603 1558 2668 supposer

366 2725 409 2774 ou
444 2708 522 2774 bien
557 2706 659 2792 qu'au
693 2706 759 2776 lien
790 2708 832 2775 de
869 2709 1058 2792 supprimet
1095 2709 1313 2791 simplement
1350 2708 1399 2775 les
1438 2711 1557 2790 quatre

366 2847 444 2898 vers
484 2831 680 2899 incrimines
721 2849 764 2898 on
807 2833 903 2899 avait
936 2834 1031 2900 tente
1065 2832 1123 2917 d'y
1156 2831 1346 2899 substituer
1379 2848 1426 2897 un
1461 2833 1557 2897 texte

366 2951 514 3021 meilleur
543 2955 601 3037 qui
627 2972 648 3022 a
670 2956 726 3021 ete
747 2957 909 3022 conserve
930 2970 973 3021 en
997 2955 1104 3037 partie
1127 2972 1189 3037 par
1212 2957 1308 3022 notre
1330 2971 1490 3038 papyrus,
1513 2971 1556 3020 ou

365 3073 439 3141 bien
471 3091 537 3157 que
565 3093 604 3143 ce
633 3079 729 3143 texte
758 3075 909 3142 meilleur
939 3078 994 3142 est
1024 3076 1054 3143 le
1085 3075 1230 3158 premier
1259 3092 1301 3142 en
1332 3075 1410 3143 date
1432 3080 1469 3142 et
1491 3091 1557 3157 que

365 3197 440 3282 deja
467 3198 490 3264 a
518 3214 586 3264 une
613 3200 742 3281 epoque
771 3198 936 3265 ancienne
966 3196 1016 3266 les
1043 3198 1204 3282 critiques
1235 3214 1278 3264 ne
1308 3196 1338 3265 le
1361 3197 1557 3264 trouvaient

365 3317 440 3400 plus
459 3318 546 3386 dane
568 3318 601 3385 la
623 3318 758 3403 plupart
780 3319 840 3388 des
862 3318 997 3387 livres”.

409 3439 571 3524 Pleraque
601 3440 717 3523 itaque
746 3439 847 3508 dubia
877 3442 913 3507 in
943 3442 1051 3508 medio
1081 3440 1214 3524 reliquit
1244 3439 1366 3524 Nicele,
1402 3443 1555 3507 attamen

368 3559 411 3628 iia
438 3577 525 3645 quae
553 3562 595 3629 de
625 3562 751 3629 scholio
781 3561 954 3630 Procliano
984 3563 1117 3629 dixerat
1145 3562 1238 3630 viam
1261 3561 1388 3628 stravit
1412 3562 1557 3629 Heurico

366 3682 464 3750 Weil.
494 3685 530 3751 Is
560 3683 663 3761 enim,
693 3684 766 3766 ipse
793 3701 924 3767 quoque
947 3685 1112 3752 scholium
1135 3684 1214 3751 illud
1239 3687 1400 3760 tractans,
1425 3684 1558 3751 monuit

365 3805 436 3872 fleri
463 3821 529 3871 nou
552 3821 650 3888 posse
671 3807 713 3871 ut
735 3805 841 3872 Procli
865 3805 968 3872 verba
991 3805 1149 3872 caderent
1172 3805 1207 3871 in
1232 3822 1352 3873 verens
1378 3804 1556 3876 1702-173

364 3924 422 4007 qui
452 3943 544 3992 nuuc
565 3925 730 4007 teruntur,
754 3926 863 3992 vitam
884 3925 976 3992 euim
1000 3927 1139 3993 heroum
1164 3925 1216 3993 his
1240 3926 1394 3994 versibus
1417 3925 1556 3993 minime

365 4044 579 4127 carrucatae
604 4047 770 4129 enarrem
794 4063 902 4113 uuum
926 4063 1006 4114 vero
1029 4047 1216 4114 luculenter
1233 4064 1392 4130 apparere
1411 4064 1455 4114 ex
1474 4047 1557 4130 ipsis

366 4169 476 4235 verbis
509 4168 642 4250 scholii,
679 4184 798 4235 versus
832 4186 890 4236 eos
924 4186 1008 4252 quos
1042 4169 1227 4236 secundum
1261 4167 1415 4235 Proclnm
1450 4167 1557 4234 critici

365 4290 572 4374 antiquiores
614 4290 863 4372 improbasseut
896 4289 1000 4358 lectos
1034 4291 1114 4358 clim
1148 4290 1253 4357 luisse
1286 4291 1321 4356 in
1355 4291 1423 4357 tine
1456 4289 1558 4356 huius

365 4411 554 4495 periwpae3
577 4411 699 4493 legitur
719 4412 810 4480 enim
833 4409 876 4476 rel
900 4435 934 4475 τε
958 4407 1046 4476 ἄλλα
1070 4409 1275 4493 oscillorum
1298 4410 1350 4475 nal
1368 4409 1403 4474 τὸ
1425 4406 1557 4476 δνθουσι-

365 4531 491 4598 cortule
521 4541 576 4608 τῆς
608 4533 752 4609 εἰσβολῆς
785 4539 842 4597 τῶν
871 4531 944 4610 μετ’
964 4530 1076 4604 αὐτοὺς
1099 4533 1218 4613 στίχων
1240 4533 1387 4612 ὶΦιιρεῖν
1410 4529 1556 4603 rislum.

365 4653 416 4721 llx
438 4654 561 4738 quibus
583 4655 645 4722 hoc
666 4658 765 4722 acute
787 4654 899 4721 effecit
923 4654 1083 4722 weilius:

409 4775 557 4844 Versum
584 4777 647 4842 169
670 4775 781 4842 locum
805 4778 959 4844 mutasse
981 4780 1018 4841 et
1040 4774 1222 4857 deperditis
1242 4773 1395 4841 versibus
1413 4772 1455 4841 ad
1474 4791 1557 4856 quos
