3848 6006
931 846 998 913 398

366 1031 433 1099 luit
466 1030 572 1098 Plato.
606 1031 703 1099 Plato
729 1031 845 1098 decem
875 1034 1045 1115 praetores
1076 1031 1318 1097 condemnatos
1347 1047 1424 1098 esse
1445 1034 1569 1099 auctor

365 1169 441 1221 esse
463 1153 495 1220 ei
518 1153 615 1221 visus
636 1156 701 1231 est,
724 1171 804 1221 cum
827 1169 1008 1220 numerum
1032 1170 1053 1219 a
1074 1153 1214 1220 Platone
1239 1152 1455 1238 „indefinite”
1477 1153 1568 1234 posi·

366 1278 453 1358 tum,
488 1293 548 1358 pro
576 1274 714 1342 delinito
743 1291 884 1342 numero
913 1274 1061 1354 haberet,
1092 1274 1211 1341 eodem
1242 1274 1340 1341 modo
1370 1290 1438 1357 quo
1460 1277 1569 1341 antea

366 1397 552 1480 Xenophon
588 1397 856 1465 commentarios
886 1396 1072 1464 Socraticos
1102 1397 1262 1464 scribens.
1287 1396 1336 1462 Ea
1358 1396 1568 1464 auctoritate

365 1518 470 1600 igitm
491 1521 527 1586 in
549 1535 697 1588 errorem
719 1519 886 1588 adductus
909 1556 944 1568 -
963 1519 1017 1587 vel
1041 1521 1082 1586 ut
1105 1519 1219 1602 potius
1242 1518 1397 1600 dixerim,
1420 1534 1462 1585 ea
1485 1534 1568 1585 auc

364 1641 504 1709 toritate
534 1660 601 1710 non
632 1643 706 1709 sine
737 1640 950 1723 malignitate
979 1641 1126 1725 quadam
1147 1640 1290 1708 libenter
1312 1643 1457 1725 arrepta,
1482 1657 1568 1706 cum

365 1761 461 1830 tecile
489 1764 657 1846 potuisset
685 1767 821 1831 aucerre
852 1764 1079 1847 Xenophonte
1108 1764 1151 1830 ab
1180 1778 1221 1830 ea
1250 1761 1430 1839 discedere,
1453 1763 1486 1828 si
1507 1779 1569 1830 vc

364 1883 532 1952 luisset-
551 1885 584 1952 id
604 1885 738 1968 scripsit
756 1885 845 1969 quod
860 1885 1005 1969 scripsit.
1018 1885 1111 1968 Quod
1123 1887 1304 1969 postquem
1315 1884 1566 1968 demonstravi,

363 2005 487 2089 aliquid
509 2006 630 2074 addere
653 2005 727 2074 volo
745 2024 812 2090 quo
830 2023 1028 2090 responsum
1048 2007 1127 2074 dare
1145 2023 1246 2074 coner
1263 2006 1306 2074 ed
1325 2006 1568 2089 quaestionem

364 2143 449 2211 quae
479 2127 568 2194 ultro
601 2145 639 2196 se
672 2129 792 2208 obfert,
822 2129 880 2212 qui
909 2129 983 2198 fleri
1011 2128 1160 2213 potuerit
1188 2132 1230 2195 ut
1260 2127 1465 2195 Aristoteles
1486 2132 1566 2195 tam

363 2249 510 2333 turpiter
531 2252 694 2332 peccaret.

408 2369 468 2438 IV.
503 2370 559 2438 De
588 2375 685 2440 arte
713 2371 873 2440 critice
901 2373 952 2440 ab
983 2372 1225 2440 Aristotele
1248 2388 1476 2455 perperam
1498 2373 1565 2441 ad·

363 2491 516 2560 hibita.
534 2528 566 2542 -
584 2492 657 2575 Quo
679 2496 829 2576 tempore
845 2493 983 2576 scripsit
1001 2491 1211 2576 Aristoteles,
1232 2494 1319 2561 ratio
1337 2494 1422 2561 bene
1439 2495 1565 2562 utendi

362 2613 622 2681 auctoritatibus
652 2613 795 2698 scriptis,
827 2632 929 2698 quem
961 2615 1126 2684 rationem
1158 2634 1221 2684 nos
1250 2619 1359 2684 artem
1387 2616 1566 2686 historice

362 2735 511 2803 criticam
546 2735 643 2803 hodie
675 2736 830 2814 dicimus,
861 2738 967 2804 etiem
997 2754 1085 2805 nova
1114 2741 1199 2816 erat,
1230 2742 1267 2805 et
1297 2742 1339 2805 ut
1367 2739 1417 2805 ita
1449 2738 1563 2807 dicam

362 2873 479 2924 recens
501 2861 593 2924 nata.
624 2857 714 2926 Nata
735 2859 828 2925 enim
850 2862 925 2927 eret
946 2862 1027 2926 anie
1049 2877 1176 2942 paucas
1195 2877 1362 2927 annorum
1385 2860 1561 2941 decurias3

362 2979 546 3047 Atthidum
576 2979 756 3063 scriptores
785 2981 993 3065 antiquiores
1014 2982 1088 3048 eius
1109 2982 1245 3049 meent
1267 2981 1433 3064 auspices.
1456 2983 1561 3050 Haud

362 3101 512 3184 paullum
533 3101 707 3170 differebat
729 3103 772 3170 ab
795 3107 869 3170 arte
891 3103 1009 3171 critica
1031 3103 1095 3188 illa,
1120 3104 1175 3171 cui
1197 3107 1301 3170 antea
1323 3121 1424 3188 opere
1446 3104 1561 3173 danda

361 3221 473 3291 meret
495 3224 673 3307 praeclaris
695 3224 854 3292 historiae
876 3225 1096 3308 scriptoribus
1117 3226 1379 3309 antiquioribus
1402 3226 1560 3308 quicum

360 3343 561 3413 excederent
582 3345 617 3412 in
636 3362 675 3414 eo
692 3347 777 3414 artis
795 3347 931 3414 critices
949 3363 1079 3432 genere,
1101 3365 1166 3431 quo
1186 3351 1262 3415 tum
1281 3366 1361 3416 cum
1372 3348 1559 3417 scriberent

360 3484 445 3549 opus
479 3470 563 3550 erat,
598 3471 633 3534 et
664 3484 723 3551 pro
754 3485 817 3536 suo
845 3469 987 3553 quisque
1016 3470 1150 3551 ingenio
1178 3473 1215 3538 et
1245 3487 1304 3553 pro
1328 3489 1391 3538 sua
1413 3470 1558 3553 quisque

360 3587 524 3655 facultate
557 3588 688 3671 egregie
717 3590 752 3655 in
783 3606 823 3657 eo
854 3591 981 3658 versati
1012 3594 1138 3676 essent,
1171 3595 1400 3674 tamencum
1424 3592 1559 3659 iereea

360 3710 544 3777 scriberent
578 3726 663 3793 quae
692 3714 831 3793 possent
861 3714 923 3778 eut
945 3729 988 3778 ex
1011 3713 1169 3780 vivorum
1192 3712 1404 3780 sermonibus
1427 3715 1490 3779 aut
1512 3731 1558 3781 ex

358 3833 453 3900 libris
475 3831 617 3913 singulis
639 3835 674 3900 et
698 3833 848 3900 fontibus
872 3834 1080 3916 simplicibus
1102 3834 1266 3916 cognosci,
1290 3833 1441 3901 nondum
1463 3834 1558 3900 adhi-

359 3955 503 4021 buerant
525 3952 605 4021 illud
621 3953 788 4021 difficilius
807 3958 843 4023 et
862 3956 1068 4039 implicatius
1086 3957 1171 4024 artis
1190 3957 1326 4024 criticae
1338 3973 1453 4041 genus,
1466 3957 1557 4039 quod

359 4079 471 4144 totum
491 4076 649 4143 consistit
667 4076 702 4142 in
714 4077 947 4159 conquirendis
958 4077 1137 4161 permultis
1148 4079 1407 4145 auctoritatibus
1418 4077 1559 4162 scriptis

360 4200 402 4267 ad
432 4199 566 4265 easdem
597 4214 652 4265 res
681 4199 939 4281 pertinentibus,
971 4200 1006 4266 in
1035 4200 1211 4281 diligenter
1233 4201 1457 4282 ponderandis
1480 4217 1559 4267 acu·

359 4326 461 4405 teque
484 4319 704 4387 aestimandis
727 4321 928 4403 auctoribus
951 4320 985 4386 in
1005 4322 1152 4388 eruenda
1171 4322 1315 4388 veritate
1334 4322 1496 4389 historica
1511 4339 1558 4389 ex

358 4445 556 4512 differentiis
589 4446 625 4509 et
655 4441 929 4509 dissensionibus.
960 4443 997 4509 Id
1028 4461 1155 4510 novum
1181 4444 1266 4510 artis
1288 4444 1424 4510 criticae
1447 4459 1558 4524 genus

358 4587 460 4651 quarn
484 4566 711 4634 necessarium
734 4564 835 4632 simul
854 4570 890 4632 et
908 4565 1039 4632 difficile
1057 4570 1159 4650 esset,
1180 4566 1284 4632 etiam
1303 4583 1440 4648 prorsus
1451 4565 1559 4633 latuit

359 4691 538 4771 scriptores
569 4689 731 4770 quosdam
761 4688 883 4754 aetatis
907 4687 1112 4771 Aristotelis,
1138 4691 1178 4753 ut
1201 4688 1388 4770 Ephorum3
1413 4687 1469 4753 alii
1493 4707 1556 4770 pro

359 4811 487 4877 viribus
508 4828 613 4893 nuper
632 4811 664 4876 id
685 4811 789 4878 colere
807 4814 1034 4892 susceperant,
1056 4810 1238 4876 Atthidum
1259 4811 1447 4893 scriptores.
1461 4811 1556 4879 Aris-
