3848 6006
451 1752 501 1834 be
532 1752 637 1834 ilarii
667 1751 810 1851 losenbi
840 1751 996 1853 antiquis
1026 1751 1284 1851 interpretibus
1314 1751 1482 1854 beluinis.

908 1961 1020 1998 scemari

773 2111 809 2178 0.
834 2111 871 2177 Ρ.
896 2109 1079 2177 BURGER
1102 2112 1155 2178 Ja.

869 2340 1065 2352 ——...

411 2494 502 2562 Nihil
531 2495 646 2579 aptius
674 2494 709 2561 in
738 2496 898 2562 honorem
929 2496 1037 2578 tuum,
1070 2495 1258 2562 venerande
1280 2494 1419 2580 Nabere,
1442 2494 1560 2562 afferre

365 2634 465 2701 posse
495 2617 578 2686 mibi
609 2617 705 2686 ulsus
736 2635 815 2684 sum
845 2634 947 2700 quam
977 2618 1097 2684 breves
1128 2617 1292 2700 quasdam
1322 2616 1560 2685 annotationes

364 2738 406 2806 de
441 2739 558 2806 Flavio
591 2739 741 2822 Iosepbo.
776 2738 851 2807 Non
887 2757 969 2806 sane
1000 2738 1084 2805 mibi
1115 2740 1150 2805 in
1182 2739 1297 2805 animo
1326 2740 1389 2820 est,
1422 2737 1462 2804 de
1488 2737 1560 2820 ipso

366 2861 506 2944 Iosspbo
537 2864 591 2929 vel
613 2861 655 2928 <le
677 2877 815 2944 operum
839 2862 913 2928 eius
935 2865 1097 2928 contextu
1121 2877 1238 2941 macco
1260 2859 1384 2942 aliquid
1407 2859 1559 2944 scribere,

365 2999 434 3063 qua
464 2983 506 3048 de
536 2998 572 3049 ie
602 2983 662 3048 vix
693 2982 872 3066 quicquam
902 2983 992 3049 scitu
1022 2982 1163 3064 dignum
1193 2981 1280 3066 quod
1311 2981 1374 3048 tibi
1400 2998 1468 3048 non
1490 2981 1560 3047 iam

365 3102 504 3186 penitus
525 3103 699 3184 cognitum
722 3105 823 3185 esset,
848 3104 993 3187 proferre
1015 3121 1160 3187 possem.
1184 3104 1287 3170 Aliud
1306 3105 1559 3184 argumentum,

366 3224 532 3306 plerisque
566 3221 738 3307 philologis
771 3224 921 3292 classicis
954 3227 1070 3293 minus
1103 3225 1275 3307 familiare,
1311 3224 1370 3292 sed
1405 3223 1488 3289 mibi
1519 3227 1561 3289 ub

366 3340 555 3423 bibliopbilo
582 3343 691 3423 magis
714 3342 863 3420 obvium,
887 3359 942 3409 me
966 3343 1088 3409 trahit:
1113 3343 1155 3410 rle
1179 3343 1325 3411 auctoris
1349 3345 1560 3412 versionibus

365 3462 516 3545 antiquis
539 3462 674 3545 belgicis
697 3480 805 3548 pauca
826 3463 881 3530 hic
903 3481 1098 3547 proponam.

410 3584 550 3652 Proavis
573 3586 699 3652 nostris
722 3585 837 3652 nullus
858 3601 902 3652 ex
921 3585 1095 3653 veteribus
1114 3585 1332 3669 scriptoribus
1351 3586 1561 3670 frequentius

364 3705 402 3772 in
425 3706 584 3774 manibus
607 3708 681 3773 erat
703 3724 805 3790 quam
829 3712 945 3775 auctor
968 3707 1215 3790 antiquitatum
1235 3707 1457 3793 Iudaieamm,
1471 3710 1560 3777 bunc

364 3827 464 3894 iuxta
497 3824 705 3911 scripturam
739 3829 876 3895 Sacram
909 3830 1125 3912 potissimum
1159 3827 1324 3910 legebant.
1356 3829 1449 3912 Quod
1478 3830 1560 3897 nibil

364 3948 509 4016 tortasse
529 3948 651 4016 mellus
670 3948 787 4017 docere
804 3953 918 4034 potest
933 3968 1036 4035 quam
1047 3951 1196 4019 recensto
1207 3951 1361 4019 omnium
1372 3951 1560 4018 editionum

364 4068 568 4150 belgicarum
592 4088 678 4153 quae
701 4072 777 4139 inde
799 4089 820 4138 a
842 4072 975 4140 saeculo
997 4073 1083 4141 XVI
1105 4091 1212 4156 usqne
1234 4074 1275 4141 ad
1299 4073 1422 4140 saeculi
1442 4073 1560 4140 XVIII

364 4191 469 4258 finem
499 4192 535 4258 in
566 4190 676 4260 lucem
706 4193 910 4278 prodierunt,
944 4194 1002 4260 sed
1033 4212 1151 4262 vereor
1182 4212 1224 4261 ns
1247 4195 1327 4262 talis
1350 4193 1560 4261 enumeratio

364 4312 523 4396 quamvis
552 4312 744 4398 eloquentia
773 4315 918 4398 quadam
949 4316 1081 4399 propria
1110 4315 1199 4383 haud
1223 4315 1399 4391 destituta,
1425 4317 1561 4398 propter

363 4434 506 4502 nimiam
528 4435 723 4504 ariditatem
745 4436 789 4503 ab
812 4436 920 4502 indole
937 4436 1038 4503 buius
1059 4436 1206 4504 fasciculi
1225 4438 1260 4503 in
1280 4436 1441 4503 honorem
1460 4438 1559 4502 tuum

364 4554 476 4624 001in
515 4555 624 4623 ebena
665 4557 722 4623 sib.
766 4557 839 4640 Qua
880 4574 915 4624 re
956 4557 1070 4639 potius
1110 4558 1265 4625 selmum
1307 4557 1484 4625 advertam
1517 4557 1559 4624 ad

364 4678 456 4762 ipsos
477 4677 580 4756 viros,
602 4677 841 4761 philologomm
865 4679 1000 4746 nomine
1023 4680 1053 4746 si
1076 4697 1184 4745 unum
1203 4681 1392 4747 alterumve
1412 4679 1560 4761 excipias

364 4800 424 4867 vix
447 4799 573 4886 dignos,
598 4799 738 4883 ideoque
756 4799 818 4867 tibi
836 4799 980 4868 fortasse
1000 4817 1044 4868 ne
1063 4801 1198 4869 nomIne
1217 4801 1354 4885 quidem
1374 4804 1482 4887 notos,
1503 4803 1560 4885 qui
