3848 6006
940 833 985 900 83

408 1015 457 1084 De
490 1017 553 1085 hoc
586 1016 657 1084 loco
692 1017 777 1084 duos
812 1017 903 1084 viros
932 1016 1048 1084 doctos
1077 1016 1269 1083 sententias
1300 1014 1428 1082 dixisse
1452 1015 1559 1082 video.

366 1135 516 1205 Vollmer
544 1138 586 1205 ad
615 1136 695 1205 Silv.
720 1137 779 1205 IV.
803 1139 836 1205 8.
861 1138 922 1206 24:
946 1132 1029 1205 ‘stet
1051 1137 1172 1205 domus
1193 1141 1230 1205 et
1251 1138 1348 1205 donis
1372 1155 1559 1220 numquam

366 1261 537 1326 mutata
567 1256 722 1327 sacratis’
745 1259 957 1326 observavit:
985 1261 1134 1346 „mutata
1158 1259 1205 1326 ist
1228 1259 1350 1340 richtig
1372 1258 1558 1337 (Markland

364 1379 456 1446 enim
488 1381 617 1447 nudato
640 1397 683 1447 ex
706 1380 898 1448 coniectura
919 1380 1134 1463 scripserat);
1158 1380 1218 1446 das
1241 1380 1392 1447 Verbum
1415 1379 1558 1447 bezeich-

365 1505 425 1568 net
455 1503 509 1570 bei
538 1502 588 1568 St.
622 1502 920 1570 verschiodentlich
952 1501 1005 1569 die
1030 1501 1271 1582 vernnuemng
1292 1503 1396 1569 durch
1420 1502 1560 1570 Verlust

364 1624 424 1691 dos
458 1626 507 1691 im
540 1623 680 1693 Ablativ
709 1628 926 1706 zugesetzien
959 1626 1223 1706 Gegenstandes,
1248 1643 1276 1691 s.
1300 1625 1401 1692 Theb.
1425 1625 1466 1691 11.
1492 1626 1554 1693 671

365 1747 507 1830 clipcrtm
537 1792 547 1810 .
580 1795 589 1814 .
621 1791 630 1811 .
661 1749 830 1814 mutatam
852 1748 969 1831 apolita
992 1747 1063 1827 (der
1086 1746 1190 1814 durch
1214 1746 1422 1814 zahlreichen
1445 1747 1560 1829 Speer·

365 1867 472 1935 wurie
491 1867 559 1936 fast
573 1868 686 1936 seinos
697 1869 821 1936 Ledere
832 1870 974 1936 beraubt
987 1869 1081 1954 war),
1094 1869 1156 1935 IX.
1171 1867 1236 1937 703
1249 1869 1400 1935 modam
1412 1872 1560 1936 mutatae

356 2005 478 2056 *roseae
500 1989 662 2072 16669166
683 1991 803 2070 molae,
826 1989 892 2073 vgl.
917 1990 1003 2057 auch
1026 1990 1101 2058 VII.
1127 1989 1227 2056 551).”

409 2110 579 2178 Vollmero
613 2110 712 2194 plane
744 2111 921 2194 assentior,
956 2110 1134 2178 lectionem
1170 2111 1206 2177 in
1240 2110 1333 2178 Silva
1369 2111 1559 2179 vexandam

365 2248 432 2299 non
449 2249 535 2311 esse,
553 2250 759 2317 quamquam
777 2231 874 2300 aliter
888 2232 998 2299 locum
1009 2233 1300 2315 interpretandum
1312 2233 1558 2300 essearbitror:

366 2354 506 2421 verbum
540 2356 671 2421 mahta
704 2354 820 2421 eodem
851 2371 953 2421 sensu
982 2354 1107 2437 accipio
1137 2371 1203 2438 quo
1230 2354 1379 2438 positum
1402 2359 1457 2422 est
1478 2354 1558 2421 locis

366 2491 468 2558 supra
489 2473 611 2557 allatis,
632 2473 664 2540 id
689 2475 775 2557 quod
799 2475 990 2558 oppositum
1013 2478 1074 2541 atat
1096 2493 1226 2559 quoque
1250 2476 1380 2553 suadet,
1402 2480 1439 2542 et
1461 2476 1559 2542 616616

364 2598 509 2662 samaia
542 2595 731 2664 ablativum
764 2596 873 2679 partis
901 2596 958 2680 qui
981 2597 1105 2663 dicitur
1127 2612 1203 2664 esse
1226 2597 1354 2681 opinor.
1379 2596 1443 2664 Sed
1468 2597 1557 2663 hunc

364 2733 455 2785 nunc
490 2716 590 2784 mitto
625 2720 664 2784 ut
697 2716 740 2784 ad
773 2716 884 2784 locum
913 2721 1069 2785 nostrum
1092 2719 1235 2803 rodoam,
1261 2735 1361 2801 quem
1385 2722 1421 2785 et
1444 2719 1556 2802 ipsum

365 2836 514 2905 Vollmer
537 2837 657 2919 tangit.
683 2837 852 2906 vocabulo
875 2841 992 2906 autem
1014 2840 1131 2924 spoliis
1153 2857 1219 2906 non
1240 2840 1335 2922 clipei
1355 2840 1443 2907 coria
1457 2841 1559 2920 signi·

365 2959 465 3045 icari,
490 2959 549 3026 sed
573 2958 701 3043 spicula
717 2976 803 3042 quae
821 2959 948 3042 clipeus
965 2964 1154 3045 exceperat,
1174 2978 1307 3044 semper
1321 2961 1444 3028 credidi
1455 2964 1557 3044 atquo

364 3081 560 3148 etiamnunc
581 3081 689 3148 credo.
713 3081 761 3148 ci.
785 3077 879 3148 Serv.
902 3081 956 3149 ad.
981 3083 1067 3149 Aen.
1091 3083 1183 3150 Vlll.
1207 3084 1289 3149 202:
1319 3083 1483 3169 „spolium
1503 3087 1557 3149 est

363 3202 521 3286 quidquid
544 3203 585 3270 de
607 3203 763 3271 hostibus
785 3201 947 3271 tollitur”.
968 3206 1181 3284 Argumenta
1199 3222 1275 3272 mea
1293 3222 1470 3287 exponam.
1483 3204 1556 3271 lam

364 3342 415 3392 vs
439 3326 506 3393 603
528 3325 689 3408 legimus:
741 3329 745 3336 “

719 3432 890 3499 interdum
913 3431 1052 3515 trepidis
1073 3432 1220 3500 occurrit
1242 3437 1278 3500 et
1300 3434 1409 3501 instat

388 3578 392 3583 ·
454 3553 583 3636 spicula
605 3553 786 3632 devellens,
809 3553 913 3637 clipeo
936 3570 1022 3638 quae
1045 3554 1189 3637 plurima
1213 3557 1285 3622 toto

454 3676 523 3743 dxa
544 3677 697 3743 tremunt
718 3678 920 3757 armantque
943 3674 1066 3741 virum.

408 3797 549 3866 Accedit
572 3797 660 3882 quod
683 3815 736 3864 vs.
761 3795 827 3862 082
850 3796 1018 3879 sequitur:

452 3918 511 3986 1116
532 3919 638 3987 etiam
660 3918 792 3986 Thebas
814 3916 930 4000 spoliis
950 3921 986 3984 et
1008 3919 1172 3998 sanguine
1195 3919 1314 4002 plenus
1335 3920 1430 3989 16661.

408 4041 528 4110 Nonne
562 4041 666 4124 igilur
696 4040 821 4107 mirum
851 4041 955 4122 esset,
986 4040 1015 4105 si
1040 4042 1139 4122 poeta
1162 4041 1254 4108 intra
1277 4045 1349 4110 tam
1372 4061 1555 4126 paucorum

364 4181 525 4233 versuum
550 4163 701 4247 spatium
722 4160 838 4229 eodem
863 4159 1024 4229 vocabulo
1045 4179 1130 4228 usus
1152 4166 1244 4230 esset
1267 4165 1459 4232 notionibus
1482 4169 1554 4233 tam

363 4285 532 4353 diversis?
555 4285 735 4368 Praecipue
758 4300 837 4351 vero
859 4283 901 4349 61.
926 4283 1023 4369 VllI.¹
1043 4284 1188 4352 700-5.

408 4407 494 4475 Cum
515 4406 629 4488 igitur
657 4421 790 4488 semper
824 4404 874 4472 116
907 4400 1018 4470 locum
1052 4405 1345 4488 interpretandum
1374 4425 1449 4475 esse
1472 4409 1554 4475 mihi

364 4545 564 4612 persuasum
586 4530 687 4612 66661,
712 4526 764 4593 Fr,
789 4525 1014 4611 Duebneium
1039 4526 1096 4610 qui
1119 4527 1221 4596 Statii
1243 4545 1343 4613 opera
1366 4548 1445 4597 oum
1465 4532 1555 4597 notis

364 4650 504 4718 aliorum
538 4651 575 4716 61
609 4647 683 4716 suis
709 4646 796 4715 satis
825 4645 969 4713 exilibus
998 4665 1029 4713 a.
1063 4648 1148 4717 1837
1172 4648 1305 4733 Lipsiae
1327 4651 1442 4729 edidit,
1465 4651 1554 4718 haud

365 4771 460 4842 aliter
489 4771 661 4840 censuisse
690 4769 902 4852 deprehendi,
933 4769 1030 4836 cuius
1060 4773 1266 4839 sententiam
1296 4772 1431 4840 honoris
1452 4791 1556 4842 causa
