3848 6006
928 800 996 867 290

364 988 514 1054 veterem
544 985 827 1085 significationem·
855 982 1009 1052 vocabuli
1039 982 1278 1068 sycophantice
1307 981 1491 1066 detorquet
1520 980 1562 1049 ad

362 1107 542 1176 articulum
566 1107 607 1175 de
630 1107 741 1175 tribue
763 1106 917 1191 personis
938 1105 1132 1173 divinitatis
1145 1102 1180 1185 ¹).

408 1296 473 1363 Sed
507 1297 683 1365 redeamus
718 1313 739 1363 a
772 1295 1005 1379 theologorum
1033 1294 1323 1378 disputationibus
1350 1292 1396 1360 ad
1427 1294 1563 1360 veteres

363 1419 544 1486 Romanos.
572 1419 645 1486 Iam
676 1418 825 1486 vidimus
856 1422 970 1502 partes
992 1421 1028 1485 et
1050 1434 1230 1501 personam
1253 1415 1446 1500 promiscue
1468 1432 1564 1482 usur·

361 1544 459 1622 patae
488 1557 564 1608 esse
595 1557 703 1623 neque
735 1541 899 1607 miramur
928 1539 1112 1621 longiorem
1139 1537 1320 1605 formulam
1357 1553 1562 1624 ,personum

362 1662 520 1729 Hecubae
548 1660 685 1746 gerere”
716 1662 752 1730 in
782 1662 969 1731 breviorem
992 1661 1172 1729 transiisse
1194 1676 1328 1749 „gerere
1348 1658 1563 1729 Hecubam

363 1783 510 1851 Persona
540 1784 698 1851 Hecubae
727 1785 818 1851 idem
848 1787 903 1851 est
930 1785 1018 1867 quod
1042 1783 1188 1866 Hecuba,
1213 1781 1403 1850 sedetiam
1424 1780 1564 1849 ubine

365 1904 449 1970 mini
467 1922 569 1971 scena
591 1904 627 1971 in
651 1910 802 1972 mentem
827 1905 982 1973 veniebat
1000 1921 1144 1987 persona
1162 1903 1243 1971 socii
1261 1904 1375 1987 potuit
1393 1902 1462 1970 dici
1482 1901 1565 1970 socii

360 2024 481 2092 instar.
512 2025 602 2092 Hinc
624 2027 741 2092 evenit
764 2030 803 2093 ut
826 2043 970 2109 persona
991 2042 1098 2110 paene
1120 2041 1257 2092 omnem
1279 2024 1436 2092 emiserit
1460 2023 1564 2106 sigui·

361 2146 553 2215 ficationem
574 2150 610 2214 et
630 2148 760 2215 nudum
784 2164 892 2227 genus
911 2147 1088 2216 bominum
1107 2147 1318 2216 indicaverit.
1342 2146 1474 2214 Temen
1494 2163 1563 2214 vox

362 2268 513 2335 nondum
540 2268 629 2335 nude
650 2269 778 2352 posita;
803 2269 947 2336 occurrit
971 2286 1104 2353 semper
1126 2268 1200 2337 sive
1223 2286 1302 2337 cum
1324 2269 1486 2351 genetivo
1508 2286 1564 2353 ap·

363 2388 550 2472 positionis,
575 2389 649 2456 sive
671 2407 750 2457 cum
773 2390 951 2457 attributis
972 2393 1014 2457 ut
1036 2390 1104 2475 vili,
1129 2390 1232 2475 turpi,
1254 2390 1368 2469 libera,
1388 2390 1465 2459 sive
1484 2407 1564 2458 cum

364 2510 618 2593 pronominibus
641 2511 854 2594 possessivis,
877 2511 1167 2592 demonstrativis,
1189 2513 1263 2580 sive
1285 2530 1364 2580 cum
1384 2512 1565 2581 numerali·

365 2632 437 2698 bus.
462 2632 501 2698 In
525 2632 601 2700 Gaii
623 2633 900 2700 Institutionibus
921 2633 1061 2701 demum
1083 2633 1286 2709 offendimus
1309 2652 1412 2702 usum
1434 2634 1565 2703 hodier-

366 2769 447 2818 num
458 2773 466 2834 ;
491 2753 537 2820 ibi
556 2753 648 2821 enim
668 2770 829 2837 personae
848 2754 1107 2837 distinguuntur
1124 2773 1146 2822 e
1164 2758 1274 2841 rebus,
1294 2772 1457 2840 personae
1468 2756 1565 2840 ipsae

363 2874 562 2942 dividuntur
585 2875 622 2942 in
644 2877 785 2945 serviles
808 2881 845 2945 et
866 2878 997 2946 liberes.

411 3077 595 3146 Videamus
625 3095 716 3147 nunc
746 3080 786 3148 de
817 3080 944 3149 Graeca
966 3099 1058 3166 voce,
1083 3083 1141 3151 ubi
1163 3083 1263 3167 paulo
1285 3083 1383 3151 ubter
1404 3100 1461 3152 res
1484 3101 1567 3153 sese

363 3200 475 3267 habet.
506 3201 539 3267 A
567 3200 651 3268 lacis
681 3202 724 3269 ad
755 3203 899 3271 sormam
922 3206 1110 3283 extumum,
1132 3205 1324 3289 imaginem,
1348 3205 1568 3290 splendorem

363 3322 531 3388 transitus
550 3321 664 3390 facilis.
688 3323 877 3393 Stoicorum
895 3329 950 3393 est
965 3342 1047 3394 voce
1066 3326 1235 3411 οροοῶοοο,
1253 3326 1375 3408 larvae,
1396 3328 1450 3395 nti
1461 3328 1568 3410 signi·

363 3443 517 3511 ficatione
553 3444 687 3528 morali;
724 3447 942 3514 notissimum
977 3450 1170 3533 exemplum
1206 3449 1352 3534 Epicteti
1387 3449 1478 3517 lien.
1520 3454 1564 3519 11

366 3562 516 3643 Μὸμνηοο
548 3560 594 3630 ὅτι
626 3566 786 3647 ὑποκριτὴς
818 3563 848 3634 εἶ
877 3568 1037 3648 δράματος
1067 3568 1127 3636 οἷον
1157 3569 1197 3636 ἄν
1220 3570 1291 3655 θέλῃ
1313 3571 1328 3637 ὅ
1351 3570 1566 3646 διδάσκαλος·

365 3684 404 3754 ἂν
433 3686 544 3770 βραχὺ
574 3687 724 3770 βραχέος,
759 3687 799 3756 ἂν
821 3690 940 3771 μικρὸν
963 3697 1101 3773 μακροῦ·
1126 3691 1165 3761 ἂν
1189 3693 1316 3775 πτωχὸν
1340 3693 1568 3773 &teufental

365 3833 399 3875 oe
428 3808 511 3890 tkrp,
537 3806 588 3876 ἵνα
610 3809 663 3876 καὶ
687 3816 792 3878 τοῦτον
815 3814 935 3894 εὐφυῶς
960 3815 1111 3897 ὑποκρίνῃ,
1134 3812 1174 3882 ἂν
1197 3816 1312 3899 χυλὸν,
1336 3817 1375 3883 ἂν
1398 3814 1566 3907 ἄρχοντα,

366 3929 405 3999 ἂν
437 3931 564 4008 Βιώτην.
595 3934 648 4000 σὸν
679 3934 742 4015 γὰρ
774 3936 858 4000 τοῦτ’
891 3934 967 4018 ἔστι,
998 3936 1033 4003 τὸ
1057 3937 1137 4004 totu
1160 3939 1377 4020 ὑποκρίνασθαι
1401 3938 1568 4020 sotrum

365 4057 487 4129 καλῶς·
527 4054 711 4135 ἐπεύξασθαι
749 4057 775 4123 δ’
808 4057 886 4125 αὐτὸ
918 4055 1027 4125 ἄλλον.
1071 4063 1126 4130 lta
1156 4063 1277 4147 cuique
1307 4080 1389 4131 suae
1419 4062 1455 4130 111
1487 4065 1568 4134 vita

365 4177 514 4262 agendae
550 4182 664 4262 partes
695 4181 889 4262 assignatae
920 4188 1021 4267 sunt,
1060 4187 1095 4251 et
1126 4184 1199 4252 vita
1229 4186 1378 4268 degenda
1409 4189 1465 4254 est
1495 4188 1566 4257 sibi

365 4319 513 4369 concors.

400 4531 423 4591 1)
442 4529 471 4579 In
488 4530 594 4581 editione
613 4531 733 4581 Locorum
751 4531 809 4581 anni
828 4532 1002 4584 libellulis
1021 4535 1085 4585 leto
1103 4552 1128 4601 p.
1147 4536 1186 4585 dc
1203 4536 1332 4589 Curiosum
1351 4539 1431 4606 relego
1450 4540 1482 4590 ed
1500 4557 1567 4608 opus

364 4609 471 4662 Tullini:
496 4613 540 4663 Ph.
566 4614 742 4664 Melanchthon
766 4615 816 4664 und
839 4615 874 4666 M.
897 4616 988 4667 Servet.
1013 4617 1075 4667 Eine
1099 4617 1307 4684 (puellos-Studio.
1333 4622 1416 4672 Berlin
1435 4623 1500 4676 luto
1519 4626 1566 4675 ubi

364 4693 421 4743 vide
436 4710 460 4758 p.
479 4697 572 4760 lbdsq.
587 4696 732 4747 conseretur
748 4697 823 4747 sliam
837 4698 945 4748 Thomas
960 4700 1090 4764 Aquinatis
1104 4701 1205 4752 Summe
1221 4702 1301 4754 Partis
1317 4704 1355 4754 1⁸⁰
1363 4705 1464 4772 quaest.
1474 4706 1566 4769 xxlx,

367 4776 409 4824 ubi
427 4775 452 4824 in
469 4785 515 4828 art.
534 4779 572 4827 111
591 4779 636 4829 rub
653 4780 668 4828 2
686 4780 803 4830 Bodthiue
820 4781 942 4831 laudetur.
