3848 6006
943 851 987 927 33

430 1042 499 1109 ΑΡ.
525 1039 600 1110 VII.
624 1045 667 1110 64
690 1040 804 1119 άδιιλον
953 1082 985 1093 -
1037 1063 1112 1128 app.
1138 1045 1232 1113 Plan.
1258 1047 1301 1112 23
1326 1041 1526 1121 ΣιριιονίάουΙ

430 1166 501 1233 ΔΡ.
527 1166 601 1233 VII.
628 1167 672 1232 65
698 1164 905 1247 Ἀντιτάτρου
956 1203 989 1214 -
1042 1185 1119 1251 app.
1144 1167 1237 1234 Plau.
1263 1167 1306 1232 24
1330 1171 1384 1233 τοῦ
1399 1169 1495 1234 αὑτοῦ

363 1285 430 1353 duo
459 1287 742 1370 epigrammatum
765 1288 859 1372 paria
880 1289 1058 1373 Antipatri
1079 1287 1221 1371 Sidonii,
1244 1288 1294 1357 ita
1313 1290 1503 1374 coniuncta,
1522 1294 1562 1356 ut

362 1409 456 1492 prius
477 1427 530 1493 ep.
549 1411 660 1494 priori,
680 1411 847 1494 posterius
867 1411 1043 1494 posteriori
1055 1412 1432 1495 responderevideatur.
1447 1414 1561 1496 Atoue

363 1549 419 1599 me
441 1532 503 1600 boo
525 1535 615 1600 recte
637 1533 856 1600 constituisse
878 1550 921 1600 ex
944 1550 984 1600 eo
1008 1533 1134 1616 eolligo,
1158 1534 1245 1617 quod
1267 1536 1446 1617 quaerenti
1470 1534 1561 1601 inter

363 1653 490 1720 Sidonii
523 1671 598 1738 epp.
632 1655 779 1722 alterum
814 1655 1097 1737 epigrammatum
1128 1656 1346 1737 gemellorum
1377 1674 1437 1738 par
1462 1656 1561 1738 idque

363 1775 535 1856 integrum
568 1793 643 1843 aeae
676 1776 784 1854 offert,
820 1776 890 1842 ΑΡ.
927 1776 986 1842 Vl.
1022 1776 1066 1842 46
1102 1784 1140 1861 l—
1177 1778 1220 1845 47
1255 1780 1359 1859 atque
1394 1777 1465 1842 ΑΡ.
1500 1776 1559 1844 Vl.

367 1895 432 1963 159
455 1904 494 1982 «ρ
520 1898 585 1964 160
601 1894 643 1983 ¹):
1416 1907 1421 1915 '

372 2007 472 2212 ἈΡ.
496 2016 556 2084 Vl.
603 2019 647 2084 46
671 2016 879 2100 Ἀντιπάτρου
905 2020 1046 2114 tetarlon
1100 2046 1125 2097 r„
1149 2048 1235 2098 tuem
1257 2065 1272 2098 ⁸
1294 2047 1428 2099 Pborenioo
1453 2048 1559 2114 quodem

402 2138 473 2205 ΔΡ.
498 2139 557 2206 VI.
583 2141 648 2206 159
673 2139 881 2222 Ἀντιπάτρου
905 2141 1048 2208 Σιδωνίου
1101 2129 1227 2180 ”imm
1244 2130 1391 2182 fflifflffl·

401 2306 472 2373 ΑΡ.
497 2306 556 2374 Vl.
602 2309 645 2378 47
671 2308 878 2392 Ἀντιτάτρου
904 2310 1045 2377 Eribolon
1101 2264 1254 2414 marein?
1266 2264 1384 2399 fficio:
1394 2265 1561 2401 1:233

401 2458 472 2527 Ap·
495 2459 554 2528 VI·
580 2463 645 2529 ¹⁶⁰
668 2466 723 2528 ὀὗ
745 2464 842 2530 “⁶²⁰⁶
1100 2431 1429 2568 tibitibi?
1526 2432 1557 2484 ‘b

410 2628 614 2698 Consultone
628 2649 671 2698 an
684 2649 765 2699 nasu
779 2632 937 2700 Sidonius
948 2633 1030 2701 haee
1041 2633 1256 2714 gemellorum
1269 2650 1343 2716 epp.
1357 2632 1459 2716 paria,
1473 2648 1559 2716 quae

364 2769 408 2819 ex
438 2752 564 2820 maiore
596 2771 737 2822 numero
760 2772 817 2838 per
840 2755 1075 2836 florilegiorum
1097 2760 1256 2837 excerpta
1278 2755 1312 2821 in
1341 2753 1559 2836 Antbologiaa

364 2873 433 2943 Pal.
464 2878 501 2943 et
532 2874 626 2943 Plan.
650 2876 845 2959 pervenisse
867 2878 1035 2960 probabile
1057 2882 1121 2964 eet,
1145 2877 1379 2960 composuerit,
1403 2876 1559 2960 equidem

363 3016 431 3067 non
471 2999 667 3068 diiudicabo.
712 2999 848 3067 Etenim
882 3000 954 3066 lieri
988 3002 1112 3082 potest,
1148 3004 1189 3067 ut
1225 3001 1406 3082 Antipater
1441 2998 1558 3066 eadem

362 3120 615 3204 epigrammata,
652 3137 738 3204 quae
770 3136 844 3188 sese
870 3121 959 3203 apud
983 3120 1167 3189 Leonidam
1192 3123 1423 3201 Tarentinum,
1447 3138 1557 3188 exem·

362 3241 457 3325 plum
488 3259 600 3325 suum,
623 3242 844 3326 excipiebant,
870 3245 997 3310 temere
1020 3243 1073 3310 bis
1096 3243 1254 3310 imitatus
1276 3244 1332 3311 sit.
1345 3244 1558 3327 Argumenta

363 3381 446 3432 sane
468 3365 691 3449 oomplurium
713 3365 1006 3452 epigrammatum,
1025 3366 1268 3450 quaelaudavi,
1284 3367 1450 3434 Leonidae
1462 3369 1557 3446 sunt,

362 3486 404 3555 oi.
436 3489 495 3556 VI.
527 3488 571 3556 46
602 3491 639 3555 et
672 3488 737 3554 159
768 3508 812 3547 ω
833 3486 1476 3571 V1.151,195;V1.47et160oe
1498 3485 1557 3552 VI.

364 3610 441 3689 288,
466 3612 487 3678 5
510 3610 549 3690 -l
574 3611 652 3689 289,
676 3615 707 3691 7,
732 3610 808 3677 VII.
831 3612 875 3677 64
899 3614 934 3677 et
957 3611 1023 3677 426
1043 3638 1087 3677 ω
1107 3609 1182 3677 Vll.
1203 3609 1556 3692 422;V11.65oe67.

363 3732 454 3800 Utut
486 3735 552 3811 est,
582 3733 741 3816 quoniam
772 3732 900 3800 Sidonii
922 3748 974 3814 ep.
999 3731 1058 3800 VI.
1084 3730 1127 3800 li
1151 3731 1337 3799 auotoritas
1360 3730 1559 3797 indubium

362 3855 475 3925 rotari
499 3854 632 3941 solet¹),
657 3853 910 3940 parallelismue,
934 3871 1036 3938 quem
1059 3854 1328 3930 observavimus,
1346 3852 1389 3919 ab
1407 3851 1449 3919 iis
1468 3850 1558 3918 baud

363 3976 433 4044 eoio
462 3994 507 4043 an
536 3977 686 4044 adbiberi
715 3977 832 4060 possit,
865 3976 923 4060 qui
945 3976 1178 4060 quaestionem
1201 3975 1427 4056 redintegrare
1450 3973 1559 4040 velint

362 4097 404 4165 de
425 4114 501 4181 epp.
525 4097 701 4180 Antipatri
724 4097 851 4165 Sidonii
869 4097 1110 4179 aoognomiuis
1121 4101 1240 4180 poetae
1252 4095 1559 4164 Thessalonicensis

362 4235 437 4303 epp.
460 4220 684 4287 eeoemendia.

397 4421 422 4483 1)
439 4419 510 4470 Pru.
523 4417 566 4469 VI.
583 4418 616 4468 Ad
633 4422 659 4467 ot
675 4415 707 4470 47
724 4415 837 4468 diremit:
855 4412 1308 4478 vl.at(teterparmav),eav1.
1319 4411 1557 4480 8(άτογυνοιινιάν),

365 4503 393 4562 ⁶3
411 4500 454 4553 Vl.
473 4502 521 4552 lto
538 4517 587 4551 nou
605 4499 704 4566 rooepit,
722 4499 836 4554 11180
853 4498 929 4550 babet
946 4497 989 4550 v1.
1007 4498 1022 4548 8
1038 4496 1098 4562 (άτο
1116 4500 1256 4562 γυνυινάν),
1275 4497 1314 4548 14.

398 4585 423 4648 2)
445 4583 484 4635 Oi.
506 4584 569 4634 Serri
590 4599 615 4649 p.
639 4581 695 4642 187,
715 4589 741 4633 et
757 4581 922 4632 Sindtmirller
939 4581 966 4631 iu
984 4581 1022 4632 ed.
1045 4583 1078 4630 lle
1095 4580 1272 4646 epigrammate
1289 4585 1383 4638 oontm,
1401 4577 1470 4628 ouiue
1489 4578 1558 4628 loono

364 4683 422 4718 aare
443 4666 570 4717 Sidonium
588 4681 689 4730 arguere
706 4665 812 4724 ridetur,
830 4664 881 4714 iure
899 4663 925 4714 iu
943 4665 997 4715 eod.
1014 4663 1069 4715 Pul.
1085 4662 1297 4713 'l'borralonioeuei
1313 4660 1433 4712 attributo
1451 4676 1485 4713 νο.
1502 4660 1557 4712 vll.

365 4750 413 4801 4⁹8
431 4749 483 4800 diri
501 4749 546 4798 Bb.
566 4748 632 4800 Mur.
650 4748 682 4798 ot
699 4747 787 4811 (leot)
806 4763 830 4813 p.
850 4748 891 4798 et.
