3848 6006
994 796 1037 864 54

464 983 600 1050 Patrem
631 981 770 1050 Catonis
799 980 969 1062 significat
999 981 1083 1067 eius,
1115 981 1173 1066 qui
1203 998 1242 1049 se
1267 981 1346 1063 post
1367 976 1466 1047 civile
1487 977 1616 1046 bellum

419 1104 541 1172 Uticae
562 1104 741 1189 interfecit,
766 1103 966 1172 Hortensios
987 1108 1104 1172 autem
1131 1104 1168 1187 Q.
1192 1102 1426 1181 Hortensium,
1448 1101 1504 1184 qni
1528 1103 1615 1169 tem·

418 1225 555 1308 poribus
585 1226 629 1293 M.
654 1225 751 1304 Tulli,
781 1226 940 1308 quamvis
966 1228 1081 1294 aetate
1105 1225 1294 1309 provectior
1315 1228 1428 1293 mmm
1448 1222 1618 1309 famosior

418 1349 565 1415 oratorie
586 1364 710 1415 nomen
732 1347 893 1415 obtinuit.

465 1468 579 1537 Meum
606 1472 690 1553 puto
712 1469 766 1537 bis
789 1486 921 1553 quoque
943 1469 1057 1538 verbis
1079 1469 1228 1537 turbatis
1250 1468 1451 1536 medicinam
1473 1464 1617 1536 cucum-

419 1591 556 1675 spioere.
579 1591 743 1675 qudem
766 1591 930 1660 traditam
952 1595 1152 1661 memoriam
1173 1591 1323 1676 relinquo
1344 1592 1522 1672 intactam,
1547 1587 1617 1657 duo

419 1715 558 1781 tantum
598 1713 702 1781 verba
742 1730 896 1781 unumve
932 1714 1138 1782 versiculum
1172 1714 1274 1782 addo:
1308 1711 1466 1797 quamvis
1498 1711 1617 1778 aetate

420 1835 608 1918 provectior
627 1837 744 1902 tamen
762 1834 921 1903 famosior
937 1833 1095 1925 <porum
1106 1835 1321 1926 incompta>
1334 1833 1478 1902 oratoris
1490 1848 1616 1900 nomen

419 1956 576 2025 obtinuit
601 1957 693 2024 Haec
715 1959 806 2024 certe
824 1974 892 2025 non
910 1957 1130 2026 abhorrente
1148 1958 1348 2026 scholiastae
1365 1953 1475 2024 nostri
1493 1954 1617 2023 redun-

418 2079 545 2147 dantia.
576 2080 706 2147 Verum
735 2096 928 2162 comparare
959 2097 1143 2163 possumus
1172 2079 1220 2162 (H
1241 2079 1295 2157 11,
1308 2080 1350 2146 21
1376 2076 1558 2159 0363,6):
1583 2076 1616 2144 si

419 2203 503 2270 fides
520 2204 557 2269 at
575 2201 689 2283 religio
707 2201 901 2284 incorrupta
916 2202 952 2269 in
971 2201 1037 2269 illis
1056 2202 1214 2270 omnibus
1226 2200 1432 2269 testimoniis
1442 2199 1509 2268 mit
1519 2217 1616 2285 e-qs.

462 2386 555 2453 Haec
577 2385 646 2452 iere
668 2385 731 2452 boo
753 2388 903 2468 ternpore
923 2386 1043 2467 putavi
1062 2401 1138 2452 esse
1156 2384 1306 2464 dicenda,
1324 2383 1454 2466 reliqua
1468 2382 1617 2452 tortasse

416 2525 480 2577 suo
510 2511 662 2590 ternpore
684 2507 926 2592 Mnemosynae
948 2507 1041 2575 Tuae
1063 2507 1267 2590 inserentur,
1291 2506 1474 2574 dummodo
1495 2522 1537 2573 ea
1561 2506 1614 2574 Tu

416 2632 544 2699 indices
574 2630 687 2714 digna,
711 2646 796 2712 quae
818 2629 977 2697 exhibeat
999 2630 1092 2697 istud
1114 2628 1277 2715 Durium,
1302 2628 1402 2697 cuius
1423 2643 1531 2713 paene
1552 2644 1616 2711 per

416 2751 532 2819 decern
560 2750 670 2818 lustra
701 2754 775 2818 tarn
806 2750 955 2834 prudens
984 2755 1149 2834 patronus
1178 2752 1215 2817 et
1237 2753 1348 2819 rector
1370 2748 1549 2834 exstitisti,
1572 2753 1617 2818 ut

415 2874 452 2940 in
480 2873 606 2940 litteris
637 2872 839 2954 dignitatem
862 2876 899 2940 et
921 2873 1023 2940 decue
1046 2874 1175 2957 patriae
1198 2876 1336 2941 nostrae
1358 2872 1489 2954 egregb
1510 2873 1615 2940 susti·

416 2993 542 3061 nueria.
572 2993 726 3076 Namque
756 2997 796 3061 ut
826 2993 944 3061 consul
976 3010 1109 3078 semper
1139 2994 1262 3062 cavisti
1283 2996 1319 3061 et
1343 3010 1446 3061 caves
1467 3010 1511 3061 ne
1532 2993 1615 3077 quid

415 3115 603 3198 respublica
631 3115 823 3183 litterarum
855 3115 987 3183 Batava
1009 3115 1208 3183 detrimenti
1230 3115 1354 3199 capiat.
1378 3115 1503 3199 Quodsi
1525 3115 1615 3185 torte

415 3252 476 3318 ego
506 3239 683 3319 tamquam
710 3237 934 3318 magistratus
957 3237 1077 3320 minor,
1100 3238 1198 3304 utin
1221 3236 1339 3305 eodem
1362 3236 1464 3304 simili
1485 3252 1614 3317 verser,

416 3357 531 3425 sedulo
560 3358 602 3426 do
633 3373 778 3441 operam,
810 3363 852 3425 ut
881 3359 917 3425 in
947 3358 1128 3444 provincia,
1160 3375 1246 3443 quae
1270 3358 1354 3426 mibi
1376 3358 1508 3440 obtigit,
1530 3358 1616 3429 Tuis

415 3480 644 3562 obtemperem
678 3479 797 3547 edictis
832 3478 995 3563 longoque
1028 3478 1206 3548 intervallo
1240 3479 1398 3547 studeam
1429 3479 1476 3547 Το
1505 3480 1614 3565 sequi,

416 3620 524 3685 usque
557 3602 635 3671 save
666 3602 761 3680 mihi,
797 3603 888 3669 sicut
921 3602 1050 3669 favisti.
1086 3603 1159 3684 Qua
1188 3602 1230 3670 de
1259 3619 1364 3670 causa
1393 3601 1514 3669 merito
1543 3619 1615 3671 non

416 3725 567 3792 desinam
597 3729 692 3807 grato
722 3725 836 3791 animo
864 3723 911 3790 'Pe
939 3725 973 3789 in
996 3723 1038 3789 iis
1062 3740 1250 3808 numerare,
1274 3739 1334 3805 pro
1356 3739 1501 3805 quorum
1523 3720 1615 3791 inco

415 3845 573 3914 lumitate
595 3848 677 3914 vota
701 3845 785 3912 mibi
808 3844 1035 3928 nuncupanda
1058 3840 1159 3911 sunt:

699 3993 813 4077 ὦΖοῦ,
837 3994 947 4073 dedeina
971 4003 1051 4063 τοῖσι
1074 3996 1252 4064 τοιούτοισιν
1276 3991 1329 4064 erit
