<?xml version="1.0" encoding="UTF-8"?>
<!DOCTYPE html PUBLIC "-//W3C//DTD XHTML 1.0 Transitional//EN"
    "http://www.w3.org/TR/xhtml1/DTD/xhtml1-transitional.dtd">
<html xmlns="http://www.w3.org/1999/xhtml" xml:lang="en" lang="en">
 <head>
  <title>
</title>
<meta http-equiv="Content-Type" content="text/html;charset=utf-8" />
  <meta name='ocr-system' content='tesseract 3.04.00' />
  <meta name='ocr-capabilities' content='ocr_page ocr_carea ocr_par ocr_line ocrx_word'/>
</head>
<body>
  <div class='ocr_page' id='page_1' title='image "./sertumnabericum00nabegoog_0147.png"; bbox 0 0 3848 6006; ppageno 0'>
   <div class='ocr_carea' id='block_1_1' title="bbox 930 794 995 861">
    <p class='ocr_par' dir='ltr' id='par_1_1' title="bbox 930 794 995 861">
     <span class='ocr_line' id='line_1_1' title="bbox 930 794 995 861; baseline 0.015 -1"><span class='ocrx_word' id='word_1_1' title='bbox 930 794 995 861; x_wconf 81' lang='lat'><strong>134</strong></span> 
     </span>
    </p>
   </div>
   <div class='ocr_carea' id='block_1_2' title="bbox 359 974 1568 2278">
    <p class='ocr_par' dir='ltr' id='par_1_2' title="bbox 359 974 1568 1550">
     <span class='ocr_line' id='line_1_2' title="bbox 359 974 1568 1062; baseline -0.006 -13"><span class='ocrx_word' id='word_1_2' title='bbox 359 982 498 1049; x_wconf 92' lang='lat' dir='ltr'><strong>omnino</strong></span> <span class='ocrx_word' id='word_1_3' title='bbox 530 996 599 1047; x_wconf 93' lang='lat' dir='ltr'><strong>non</strong></span> <span class='ocrx_word' id='word_1_4' title='bbox 630 978 775 1062; x_wconf 88' lang='lat' dir='ltr'><strong>quadrat</strong></span> <span class='ocrx_word' id='word_1_5' title='bbox 804 980 841 1046; x_wconf 93' lang='lat' dir='ltr'><strong>in</strong></span> <span class='ocrx_word' id='word_1_6' title='bbox 871 978 1078 1047; x_wconf 83' lang='grc'>1111111111</span> <span class='ocrx_word' id='word_1_7' title='bbox 1107 978 1322 1046; x_wconf 78' lang='grc'>1111111111.</span> <span class='ocrx_word' id='word_1_8' title='bbox 1353 975 1403 1044; x_wconf 89' lang='lat' dir='ltr'><strong>Do</strong></span> <span class='ocrx_word' id='word_1_9' title='bbox 1433 974 1568 1059; x_wconf 89' lang='lat' dir='ltr'><strong>quibus</strong></span> 
     </span>
     <span class='ocr_line' id='line_1_3' title="bbox 360 1097 1567 1184; baseline -0.007 -14"><span class='ocrx_word' id='word_1_10' title='bbox 360 1103 453 1170; x_wconf 89' lang='lat' dir='ltr'><strong>enim</strong></span> <span class='ocrx_word' id='word_1_11' title='bbox 494 1102 688 1170; x_wconf 93' lang='lat' dir='ltr'><strong>hominibus</strong></span> <span class='ocrx_word' id='word_1_12' title='bbox 720 1101 859 1183; x_wconf 78' lang='lat' dir='ltr'><strong>agitur?</strong></span> <span class='ocrx_word' id='word_1_13' title='bbox 900 1100 950 1167; x_wconf 87' lang='lat' dir='ltr'><strong>Ut</strong></span> <span class='ocrx_word' id='word_1_14' title='bbox 983 1099 1101 1184; x_wconf 85' lang='lat' dir='ltr'><strong>opinor</strong></span> <span class='ocrx_word' id='word_1_15' title='bbox 1134 1097 1178 1166; x_wconf 91' lang='lat' dir='ltr'><strong>de</strong></span> <span class='ocrx_word' id='word_1_16' title='bbox 1210 1097 1422 1166; x_wconf 72' lang='lat' dir='ltr'><strong>imitatorum</strong></span> <span class='ocrx_word' id='word_1_17' title='bbox 1459 1111 1567 1164; x_wconf 86' lang='lat' dir='ltr'><strong>servo</strong></span> 
     </span>
     <span class='ocr_line' id='line_1_4' title="bbox 360 1215 1566 1307; baseline -0.004 -17"><span class='ocrx_word' id='word_1_18' title='bbox 360 1241 489 1307; x_wconf 75' lang='lat' dir='ltr'><strong>pecore,</strong></span> <span class='ocrx_word' id='word_1_19' title='bbox 518 1223 578 1306; x_wconf 94' lang='lat' dir='ltr'><strong>qui</strong></span> <span class='ocrx_word' id='word_1_20' title='bbox 606 1223 700 1306; x_wconf 79' lang='lat' dir='ltr'><strong>sclao</strong></span> <span class='ocrx_word' id='word_1_21' title='bbox 728 1238 843 1289; x_wconf 86' lang='lat' dir='ltr'><strong>rerum</strong></span> <span class='ocrx_word' id='word_1_22' title='bbox 874 1223 981 1306; x_wconf 81' lang='lat' dir='ltr'><strong>specie</strong></span> <span class='ocrx_word' id='word_1_23' title='bbox 1008 1238 1047 1287; x_wconf 88' lang='lat' dir='ltr'><strong>sc</strong></span> <span class='ocrx_word' id='word_1_24' title='bbox 1074 1220 1152 1304; x_wconf 89' lang='lat' dir='ltr'><strong>capi</strong></span> <span class='ocrx_word' id='word_1_25' title='bbox 1181 1220 1366 1304; x_wconf 86' lang='lat' dir='ltr'><strong>patiantur,</strong></span> <span class='ocrx_word' id='word_1_26' title='bbox 1397 1218 1457 1302; x_wconf 89' lang='lat' dir='ltr'><strong>qui</strong></span> <span class='ocrx_word' id='word_1_27' title='bbox 1478 1215 1566 1300; x_wconf 86' lang='lat' dir='ltr'><strong>quia</strong></span> 
     </span>
     <span class='ocr_line' id='line_1_5' title="bbox 363 1343 1492 1428; baseline -0.001 -17"><span class='ocrx_word' id='word_1_28' title='bbox 363 1346 471 1412; x_wconf 90' lang='lat' dir='ltr'><strong>vinosi</strong></span> <span class='ocrx_word' id='word_1_29' title='bbox 494 1345 599 1412; x_wconf 77' lang='lat' dir='ltr'><strong>fuisse</strong></span> <span class='ocrx_word' id='word_1_30' title='bbox 621 1347 741 1428; x_wconf 86' lang='lat' dir='ltr'><strong>poetae</strong></span> <span class='ocrx_word' id='word_1_31' title='bbox 761 1344 899 1428; x_wconf 90' lang='lat' dir='ltr'><strong>quidam</strong></span> <span class='ocrx_word' id='word_1_32' title='bbox 922 1343 1049 1412; x_wconf 85' lang='lat' dir='ltr'><strong>nobiles</strong></span> <span class='ocrx_word' id='word_1_33' title='bbox 1071 1343 1236 1428; x_wconf 85' lang='lat' dir='ltr'><strong>dicuntur,</strong></span> <span class='ocrx_word' id='word_1_34' title='bbox 1261 1359 1330 1412; x_wconf 90' lang='lat' dir='ltr'><strong>nou</strong></span> <span class='ocrx_word' id='word_1_35' title='bbox 1351 1346 1492 1411; x_wconf 70' lang='lat' dir='ltr'><strong>oesaent</strong></span> 
     </span>
     <span class='ocr_line' id='line_1_6' title="bbox 498 1465 1213 1550; baseline -0.001 -17"><span class='ocrx_word' id='word_1_36' title='bbox 498 1471 664 1535; x_wconf 88' lang='lat' dir='ltr'><strong>nocturno</strong></span> <span class='ocrx_word' id='word_1_37' title='bbox 685 1470 815 1533; x_wconf 87' lang='lat' dir='ltr'><strong>certare</strong></span> <span class='ocrx_word' id='word_1_38' title='bbox 837 1482 930 1533; x_wconf 93' lang='lat' dir='ltr'><strong>mero</strong></span> <span class='ocrx_word' id='word_1_39' title='bbox 951 1469 1071 1550; x_wconf 87' lang='lat' dir='ltr'><strong>putere</strong></span> <span class='ocrx_word' id='word_1_40' title='bbox 1091 1465 1213 1532; x_wconf 94' lang='lat' dir='ltr'><strong>diurno</strong></span> 
     </span>
    </p>

    <p class='ocr_par' dir='ltr' id='par_1_3' title="bbox 361 1585 1566 2278">
     <span class='ocr_line' id='line_1_7' title="bbox 362 1585 1565 1671; baseline -0.002 -16"><span class='ocrx_word' id='word_1_41' title='bbox 362 1589 417 1655; x_wconf 91' lang='lat' dir='ltr'><strong>vel</strong></span> <span class='ocrx_word' id='word_1_42' title='bbox 435 1589 494 1671; x_wconf 92' lang='lat' dir='ltr'><strong>qui</strong></span> <span class='ocrx_word' id='word_1_43' title='bbox 512 1605 549 1655; x_wconf 93' lang='lat' dir='ltr'><strong>se</strong></span> <span class='ocrx_word' id='word_1_44' title='bbox 568 1587 715 1655; x_wconf 81' lang='lat' dir='ltr'><strong>Catones</strong></span> <span class='ocrx_word' id='word_1_45' title='bbox 729 1587 798 1655; x_wconf 83' lang='lat' dir='ltr'><strong>fore</strong></span> <span class='ocrx_word' id='word_1_46' title='bbox 812 1588 1032 1669; x_wconf 77' lang='lat' dir='ltr'><strong>arbitrantur,</strong></span> <span class='ocrx_word' id='word_1_47' title='bbox 1045 1586 1076 1654; x_wconf 89' lang='lat' dir='ltr'><strong>si</strong></span> <span class='ocrx_word' id='word_1_48' title='bbox 1087 1586 1227 1654; x_wconf 83' lang='lat' dir='ltr'><strong>Catonis</strong></span> <span class='ocrx_word' id='word_1_49' title='bbox 1238 1585 1410 1654; x_wconf 76' lang='lat' dir='ltr'><strong>induerint</strong></span> <span class='ocrx_word' id='word_1_50' title='bbox 1424 1588 1565 1653; x_wconf 86' lang='lat' dir='ltr'><strong>vestem</strong></span> 
     </span>
     <span class='ocr_line' id='line_1_8' title="bbox 361 1706 1565 1793; baseline -0.002 -16"><span class='ocrx_word' id='word_1_51' title='bbox 361 1709 548 1793; x_wconf 75' lang='lat' dir='ltr'><strong>simplicem</strong></span> <span class='ocrx_word' id='word_1_52' title='bbox 570 1709 813 1792; x_wconf 77' lang='lat' dir='ltr'><strong>horridamque.</strong></span> <span class='ocrx_word' id='word_1_53' title='bbox 838 1708 1017 1776; x_wconf 83' lang='lat' dir='ltr'><strong>Acerbitas</strong></span> <span class='ocrx_word' id='word_1_54' title='bbox 1039 1713 1156 1776; x_wconf 88' lang='lat' dir='ltr'><strong>autem</strong></span> <span class='ocrx_word' id='word_1_55' title='bbox 1179 1711 1216 1775; x_wconf 90' lang='lat' dir='ltr'><strong>et</strong></span> <span class='ocrx_word' id='word_1_56' title='bbox 1237 1706 1456 1775; x_wconf 88' lang='lat' dir='ltr'><strong>maledicendi</strong></span> <span class='ocrx_word' id='word_1_57' title='bbox 1481 1724 1565 1775; x_wconf 92' lang='lat' dir='ltr'><strong>con·</strong></span> 
     </span>
     <span class='ocr_line' id='line_1_9' title="bbox 362 1828 1566 1915; baseline 0 -18"><span class='ocrx_word' id='word_1_58' title='bbox 362 1832 507 1898; x_wconf 89' lang='lat' dir='ltr'><strong>suetudo</strong></span> <span class='ocrx_word' id='word_1_59' title='bbox 528 1833 626 1898; x_wconf 88' lang='lat' dir='ltr'><strong>cuius</strong></span> <span class='ocrx_word' id='word_1_60' title='bbox 646 1832 696 1898; x_wconf 92' lang='lat' dir='ltr'><strong>rei</strong></span> <span class='ocrx_word' id='word_1_61' title='bbox 717 1848 868 1915; x_wconf 91' lang='lat' dir='ltr'><strong>unquam</strong></span> <span class='ocrx_word' id='word_1_62' title='bbox 888 1830 1028 1899; x_wconf 86' lang='lat' dir='ltr'><strong>luerunt</strong></span> <span class='ocrx_word' id='word_1_63' title='bbox 1044 1831 1174 1914; x_wconf 85' lang='lat' dir='ltr'><strong>species</strong></span> <span class='ocrx_word' id='word_1_64' title='bbox 1192 1829 1278 1897; x_wconf 87' lang='lat' dir='ltr'><strong>falsa</strong></span> <span class='ocrx_word' id='word_1_65' title='bbox 1296 1830 1346 1898; x_wconf 88' lang='lat' dir='ltr'><strong>ita</strong></span> <span class='ocrx_word' id='word_1_66' title='bbox 1363 1831 1405 1897; x_wconf 92' lang='lat' dir='ltr'><strong>ut</strong></span> <span class='ocrx_word' id='word_1_67' title='bbox 1423 1846 1484 1913; x_wconf 93' lang='lat' dir='ltr'><strong>pro</strong></span> <span class='ocrx_word' id='word_1_68' title='bbox 1502 1828 1566 1897; x_wconf 91' lang='lat' dir='ltr'><strong>illa</strong></span> 
     </span>
     <span class='ocr_line' id='line_1_10' title="bbox 363 1950 1565 2035; baseline 0.001 -18"><span class='ocrx_word' id='word_1_69' title='bbox 363 1967 399 2017; x_wconf 84' lang='grc'><strong>11</strong></span> <span class='ocrx_word' id='word_1_70' title='bbox 421 1952 495 2034; x_wconf 89' lang='lat' dir='ltr'><strong>ipsa</strong></span> <span class='ocrx_word' id='word_1_71' title='bbox 517 1952 608 2018; x_wconf 90' lang='lat' dir='ltr'><strong>sumi</strong></span> <span class='ocrx_word' id='word_1_72' title='bbox 630 1954 829 2035; x_wconf 82' lang='lat' dir='ltr'><strong>potuerint?</strong></span> <span class='ocrx_word' id='word_1_73' title='bbox 850 1951 1014 2035; x_wconf 78' lang='lat' dir='ltr'><strong>liquidem</strong></span> <span class='ocrx_word' id='word_1_74' title='bbox 1036 1956 1099 2020; x_wconf 89' lang='lat' dir='ltr'><strong>aut</strong></span> <span class='ocrx_word' id='word_1_75' title='bbox 1115 1951 1199 2019; x_wconf 85' lang='lat' dir='ltr'><strong>nihil</strong></span> <span class='ocrx_word' id='word_1_76' title='bbox 1218 1951 1294 2019; x_wconf 89' lang='lat' dir='ltr'><strong>eius</strong></span> <span class='ocrx_word' id='word_1_77' title='bbox 1313 1950 1404 2019; x_wconf 91' lang='lat' dir='ltr'><strong>modi</strong></span> <span class='ocrx_word' id='word_1_78' title='bbox 1421 1951 1565 2018; x_wconf 91' lang='lat' dir='ltr'><strong>invenio</strong></span> 
     </span>
     <span class='ocr_line' id='line_1_11' title="bbox 362 2070 1565 2157; baseline -0.005 -15"><span class='ocrx_word' id='word_1_79' title='bbox 362 2077 424 2142; x_wconf 90' lang='lat' dir='ltr'><strong>aut</strong></span> <span class='ocrx_word' id='word_1_80' title='bbox 441 2072 565 2157; x_wconf 88' lang='lat' dir='ltr'><strong>aliquid</strong></span> <span class='ocrx_word' id='word_1_81' title='bbox 585 2073 672 2155; x_wconf 91' lang='lat' dir='ltr'><strong>quod</strong></span> <span class='ocrx_word' id='word_1_82' title='bbox 696 2090 834 2156; x_wconf 88' lang='lat' dir='ltr'><strong>prorsus</strong></span> <span class='ocrx_word' id='word_1_83' title='bbox 857 2090 925 2140; x_wconf 94' lang='lat' dir='ltr'><strong>non</strong></span> <span class='ocrx_word' id='word_1_84' title='bbox 948 2074 997 2140; x_wconf 90' lang='lat' dir='ltr'><strong>sit</strong></span> <span class='ocrx_word' id='word_1_85' title='bbox 1017 2072 1122 2139; x_wconf 91' lang='lat' dir='ltr'><strong>huius</strong></span> <span class='ocrx_word' id='word_1_86' title='bbox 1142 2072 1223 2140; x_wconf 91' lang='lat' dir='ltr'><strong>loci:</strong></span> <span class='ocrx_word' id='word_1_87' title='bbox 1246 2071 1326 2156; x_wconf 92' lang='lat' dir='ltr'><strong>quid</strong></span> <span class='ocrx_word' id='word_1_88' title='bbox 1346 2071 1439 2139; x_wconf 92' lang='lat' dir='ltr'><strong>enim</strong></span> <span class='ocrx_word' id='word_1_89' title='bbox 1460 2070 1565 2137; x_wconf 91' lang='lat' dir='ltr'><strong>nobis</strong></span> 
     </span>
     <span class='ocr_line' id='line_1_12' title="bbox 362 2193 1126 2278; baseline -0.004 -15"><span class='ocrx_word' id='word_1_90' title='bbox 362 2195 417 2263; x_wconf 88' lang='lat' dir='ltr'><strong>hic</strong></span> <span class='ocrx_word' id='word_1_91' title='bbox 439 2213 518 2264; x_wconf 90' lang='lat' dir='ltr'><strong>cum</strong></span> <span class='ocrx_word' id='word_1_92' title='bbox 540 2193 695 2278; x_wconf 69' lang='grc' dir='ltr'><strong>παρρησίᾳ</strong></span> <span class='ocrx_word' id='word_1_93' title='bbox 718 2199 754 2261; x_wconf 89' lang='grc'><strong>11</strong></span> <span class='ocrx_word' id='word_1_94' title='bbox 776 2196 923 2276; x_wconf 78' lang='lat' dir='ltr'><strong>ingenua</strong></span> <span class='ocrx_word' id='word_1_95' title='bbox 944 2196 1126 2262; x_wconf 77' lang='lat' dir='ltr'><strong>libertato?</strong></span> 
     </span>
    </p>
   </div>
   <div class='ocr_carea' id='block_1_3' title="bbox 407 2311 1707 2400">
    <p class='ocr_par' dir='ltr' id='par_1_4' title="bbox 407 2311 1707 2400">
     <span class='ocr_line' id='line_1_13' title="bbox 407 2311 1707 2400; baseline -0.003 -16"><span class='ocrx_word' id='word_1_96' title='bbox 407 2317 472 2384; x_wconf 92' lang='lat' dir='ltr'><strong>Hic</strong></span> <span class='ocrx_word' id='word_1_97' title='bbox 501 2316 598 2384; x_wconf 89' lang='lat' dir='ltr'><strong>nobis</strong></span> <span class='ocrx_word' id='word_1_98' title='bbox 624 2316 829 2400; x_wconf 89' lang='lat' dir='ltr'><strong>praeclaram</strong></span> <span class='ocrx_word' id='word_1_99' title='bbox 853 2315 919 2382; x_wconf 88' lang='lat' dir='ltr'><strong>lert</strong></span> <span class='ocrx_word' id='word_1_100' title='bbox 941 2333 1041 2399; x_wconf 90' lang='lat' dir='ltr'><strong>opem</strong></span> <span class='ocrx_word' id='word_1_101' title='bbox 1064 2316 1155 2383; x_wconf 92' lang='lat' dir='ltr'><strong>idem</strong></span> <span class='ocrx_word' id='word_1_102' title='bbox 1176 2314 1232 2382; x_wconf 92' lang='lat' dir='ltr'><strong>ille</strong></span> <span class='ocrx_word' id='word_1_103' title='bbox 1253 2311 1439 2399; x_wconf 88' lang='lat' dir='ltr'><strong>Porphyrio</strong></span> <span class='ocrx_word' id='word_1_104' title='bbox 1461 2313 1565 2381; x_wconf 88' lang='lat' dir='ltr'><strong>cuius</strong></span> <span class='ocrx_word' id='word_1_105' title='bbox 1701 2359 1707 2367; x_wconf 85' lang='lat'><em>-</em></span> 
     </span>
    </p>
   </div>
   <div class='ocr_carea' id='block_1_4' title="bbox 360 2434 1564 4462">
    <p class='ocr_par' dir='ltr' id='par_1_5' title="bbox 361 2434 1564 3005">
     <span class='ocr_line' id='line_1_14' title="bbox 363 2434 1564 2523; baseline -0.003 -19"><span class='ocrx_word' id='word_1_106' title='bbox 363 2436 460 2504; x_wconf 89' lang='lat' dir='ltr'><strong>modo</strong></span> <span class='ocrx_word' id='word_1_107' title='bbox 494 2438 597 2504; x_wconf 88' lang='lat' dir='ltr'><strong>verba</strong></span> <span class='ocrx_word' id='word_1_108' title='bbox 634 2455 690 2523; x_wconf 79' lang='lat' dir='ltr'><strong>„se</strong></span> <span class='ocrx_word' id='word_1_109' title='bbox 724 2454 805 2505; x_wconf 87' lang='lat' dir='ltr'><strong>voce</strong></span> <span class='ocrx_word' id='word_1_110' title='bbox 835 2441 872 2504; x_wconf 90' lang='lat' dir='ltr'><strong>et</strong></span> <span class='ocrx_word' id='word_1_111' title='bbox 902 2438 1077 2504; x_wconf 80' lang='lat' dir='ltr'><strong>stomacho</strong></span> <span class='ocrx_word' id='word_1_112' title='bbox 1107 2436 1196 2504; x_wconf 91' lang='lat' dir='ltr'><strong>male</strong></span> <span class='ocrx_word' id='word_1_113' title='bbox 1226 2437 1413 2519; x_wconf 83' lang='lat' dir='ltr'><strong>suppetens</strong></span> <span class='ocrx_word' id='word_1_114' title='bbox 1443 2434 1564 2518; x_wconf 86' lang='lat' dir='ltr'><strong>rupit”</strong></span> 
     </span>
     <span class='ocr_line' id='line_1_15' title="bbox 361 2552 1564 2644; baseline -0.002 -19"><span class='ocrx_word' id='word_1_115' title='bbox 361 2558 602 2626; x_wconf 86' lang='lat' dir='ltr'><strong>reiioiebamus.</strong></span> <span class='ocrx_word' id='word_1_116' title='bbox 623 2557 1040 2625; x_wconf 87' lang='lat' dir='ltr'><strong>Praeccdunteuimhaec:</strong></span> <span class='ocrx_word' id='word_1_117' title='bbox 1058 2552 1564 2644; x_wconf 57' lang='grc' dir='ltr'><strong>ᾖ’11111111111111111111101</strong></span> 
     </span>
     <span class='ocr_line' id='line_1_16' title="bbox 361 2676 1564 2759; baseline -0.002 -14"><span class='ocrx_word' id='word_1_118' title='bbox 361 2679 517 2747; x_wconf 91' lang='lat' dir='ltr'><strong>adbibere</strong></span> <span class='ocrx_word' id='word_1_119' title='bbox 546 2679 684 2747; x_wconf 90' lang='lat' dir='ltr'><strong>solitum</strong></span> <span class='ocrx_word' id='word_1_120' title='bbox 714 2685 751 2747; x_wconf 89' lang='lat' dir='ltr'><strong>et</strong></span> <span class='ocrx_word' id='word_1_121' title='bbox 780 2697 883 2746; x_wconf 80' lang='lat' dir='ltr'><strong>ranae</strong></span> <span class='ocrx_word' id='word_1_122' title='bbox 913 2683 949 2746; x_wconf 91' lang='lat' dir='ltr'><strong>et</strong></span> <span class='ocrx_word' id='word_1_123' title='bbox 970 2678 1206 2746; x_wconf 83' lang='lat' dir='ltr'><strong>declamationi</strong></span> <span class='ocrx_word' id='word_1_124' title='bbox 1228 2694 1321 2759; x_wconf 86' lang='lat' dir='ltr'><strong>suae,</strong></span> <span class='ocrx_word' id='word_1_125' title='bbox 1345 2677 1493 2758; x_wconf 92' lang='lat' dir='ltr'><strong>dumque</strong></span> <span class='ocrx_word' id='word_1_126' title='bbox 1516 2676 1564 2743; x_wconf 89' lang='lat' dir='ltr'><strong>ab</strong></span> 
     </span>
     <span class='ocr_line' id='line_1_17' title="bbox 361 2793 1563 2884; baseline -0.002 -18"><span class='ocrx_word' id='word_1_127' title='bbox 361 2799 415 2867; x_wconf 89' lang='lat' dir='ltr'><strong>his</strong></span> <span class='ocrx_word' id='word_1_128' title='bbox 426 2799 573 2868; x_wconf 89' lang='lat' dir='ltr'><strong>multum</strong></span> <span class='ocrx_word' id='word_1_129' title='bbox 584 2799 752 2879; x_wconf 88' lang='lat' dir='ltr'><strong>laudatur,</strong></span> <span class='ocrx_word' id='word_1_130' title='bbox 764 2801 807 2868; x_wconf 89' lang='lat' dir='ltr'><strong>ad</strong></span> <span class='ocrx_word' id='word_1_131' title='bbox 819 2800 1046 2867; x_wconf 86' lang='lat' dir='ltr'><strong>imitationem</strong></span> <span class='ocrx_word' id='word_1_132' title='bbox 1057 2801 1112 2866; x_wconf 91' lang='lat' dir='ltr'><strong>sui</strong></span> <span class='ocrx_word' id='word_1_133' title='bbox 1122 2816 1323 2884; x_wconf 88' lang='lat' dir='ltr'><strong>provocasse</strong></span> <span class='ocrx_word' id='word_1_134' title='bbox 1333 2796 1521 2865; x_wconf 85' lang='lat' dir='ltr'><strong>Iarbitem&#39;&#39;</strong></span> <span class='ocrx_word' id='word_1_135' title='bbox 1536 2793 1563 2882; x_wconf 86' lang='lat'><strong>¹)</strong></span> 
     </span>
     <span class='ocr_line' id='line_1_18' title="bbox 362 2921 1280 3005; baseline -0.002 -19"><span class='ocrx_word' id='word_1_136' title='bbox 362 2921 396 2986; x_wconf 95' lang='lat' dir='ltr'><strong>in</strong></span> <span class='ocrx_word' id='word_1_137' title='bbox 419 2923 541 3004; x_wconf 90' lang='lat' dir='ltr'><strong>quibus</strong></span> <span class='ocrx_word' id='word_1_138' title='bbox 563 2923 683 2989; x_wconf 88' lang='lat' dir='ltr'><strong>insunt</strong></span> <span class='ocrx_word' id='word_1_139' title='bbox 705 2923 820 2990; x_wconf 89' lang='lat' dir='ltr'><strong>omnia</strong></span> <span class='ocrx_word' id='word_1_140' title='bbox 842 2922 965 3005; x_wconf 92' lang='lat' dir='ltr'><strong>quibus</strong></span> <span class='ocrx_word' id='word_1_141' title='bbox 989 2922 1085 2989; x_wconf 91' lang='lat' dir='ltr'><strong>nobis</strong></span> <span class='ocrx_word' id='word_1_142' title='bbox 1106 2939 1192 3005; x_wconf 89' lang='lat' dir='ltr'><strong>opus</strong></span> <span class='ocrx_word' id='word_1_143' title='bbox 1214 2925 1280 2987; x_wconf 85' lang='lat' dir='ltr'><strong>est.</strong></span> 
     </span>
    </p>

    <p class='ocr_par' dir='ltr' id='par_1_6' title="bbox 496 3042 1276 3127">
     <span class='ocr_line' id='line_1_19' title="bbox 496 3042 1276 3127; baseline -0.001 -17"><span class='ocrx_word' id='word_1_144' title='bbox 496 3043 604 3127; x_wconf 80' lang='lat' dir='ltr'><strong>Rupit</strong></span> <span class='ocrx_word' id='word_1_145' title='bbox 625 3043 787 3111; x_wconf 87' lang='lat' dir='ltr'><strong>Iarbitam</strong></span> <span class='ocrx_word' id='word_1_146' title='bbox 810 3043 1003 3123; x_wconf 79' lang='lat' dir='ltr'><strong>Timagenis</strong></span> <span class='ocrx_word' id='word_1_147' title='bbox 1025 3042 1160 3109; x_wconf 89' lang='lat' dir='ltr'><strong>aemula</strong></span> <span class='ocrx_word' id='word_1_148' title='bbox 1182 3057 1276 3118; x_wconf 78' lang='lat' dir='ltr'><strong>cena,</strong></span> 
     </span>
    </p>

    <p class='ocr_par' dir='ltr' id='par_1_7' title="bbox 360 3162 1564 4217">
     <span class='ocr_line' id='line_1_20' title="bbox 497 3162 1411 3247; baseline -0.003 -15"><span class='ocrx_word' id='word_1_149' title='bbox 497 3164 587 3232; x_wconf 91' lang='lat' dir='ltr'><strong>Dum</strong></span> <span class='ocrx_word' id='word_1_150' title='bbox 610 3164 726 3231; x_wconf 88' lang='lat' dir='ltr'><strong>studet</strong></span> <span class='ocrx_word' id='word_1_151' title='bbox 749 3165 900 3231; x_wconf 90' lang='lat' dir='ltr'><strong>urbanus</strong></span> <span class='ocrx_word' id='word_1_152' title='bbox 922 3164 1092 3247; x_wconf 78' lang='lat' dir='ltr'><strong>tenditque</strong></span> <span class='ocrx_word' id='word_1_153' title='bbox 1114 3163 1262 3230; x_wconf 88' lang='lat' dir='ltr'><strong>disertus</strong></span> <span class='ocrx_word' id='word_1_154' title='bbox 1284 3162 1411 3230; x_wconf 80' lang='lat' dir='ltr'><strong>haberi.</strong></span> 
     </span>
     <span class='ocr_line' id='line_1_21' title="bbox 362 3282 1562 3367; baseline 0.001 -17"><span class='ocrx_word' id='word_1_155' title='bbox 362 3284 561 3366; x_wconf 85' lang='lat' dir='ltr'><strong>Timagenes</strong></span> <span class='ocrx_word' id='word_1_156' title='bbox 594 3282 719 3351; x_wconf 87' lang='lat' dir='ltr'><strong>multos</strong></span> <span class='ocrx_word' id='word_1_157' title='bbox 749 3283 868 3351; x_wconf 86' lang='lat' dir='ltr'><strong>habuit</strong></span> <span class='ocrx_word' id='word_1_158' title='bbox 894 3284 1032 3367; x_wconf 78' lang='lat' dir='ltr'><strong>amicos,</strong></span> <span class='ocrx_word' id='word_1_159' title='bbox 1055 3301 1141 3367; x_wconf 92' lang='lat' dir='ltr'><strong>quos</strong></span> <span class='ocrx_word' id='word_1_160' title='bbox 1163 3283 1268 3351; x_wconf 89' lang='lat' dir='ltr'><strong>lautis</strong></span> <span class='ocrx_word' id='word_1_161' title='bbox 1288 3283 1398 3366; x_wconf 89' lang='lat' dir='ltr'><strong>epulis</strong></span> <span class='ocrx_word' id='word_1_162' title='bbox 1418 3283 1562 3367; x_wconf 85' lang='lat' dir='ltr'><strong>excipie</strong></span> 
     </span>
     <span class='ocr_line' id='line_1_22' title="bbox 361 3404 1563 3488; baseline 0 -16"><span class='ocrx_word' id='word_1_163' title='bbox 361 3405 431 3483; x_wconf 83' lang='lat' dir='ltr'><strong>bat,</strong></span> <span class='ocrx_word' id='word_1_164' title='bbox 462 3405 609 3488; x_wconf 89' lang='lat' dir='ltr'><strong>dumque</strong></span> <span class='ocrx_word' id='word_1_165' title='bbox 639 3405 683 3472; x_wconf 87' lang='lat' dir='ltr'><strong>iis</strong></span> <span class='ocrx_word' id='word_1_166' title='bbox 716 3404 979 3472; x_wconf 84' lang='lat' dir='ltr'><strong>declamationes</strong></span> <span class='ocrx_word' id='word_1_167' title='bbox 1012 3422 1094 3472; x_wconf 90' lang='lat' dir='ltr'><strong>suas</strong></span> <span class='ocrx_word' id='word_1_168' title='bbox 1129 3405 1220 3472; x_wconf 86' lang='lat' dir='ltr'><strong>inter</strong></span> <span class='ocrx_word' id='word_1_169' title='bbox 1242 3405 1360 3488; x_wconf 91' lang='lat' dir='ltr'><strong>pocula</strong></span> <span class='ocrx_word' id='word_1_170' title='bbox 1383 3404 1563 3488; x_wconf 86' lang='lat' dir='ltr'><strong>recitabat,</strong></span> 
     </span>
     <span class='ocr_line' id='line_1_23' title="bbox 361 3526 1564 3609; baseline 0.002 -17"><span class='ocrx_word' id='word_1_171' title='bbox 361 3526 524 3594; x_wconf 91' lang='lat' dir='ltr'><strong>nimirum</strong></span> <span class='ocrx_word' id='word_1_172' title='bbox 553 3527 710 3594; x_wconf 76' lang='lat' dir='ltr'><strong>arbonae</strong></span> <span class='ocrx_word' id='word_1_173' title='bbox 739 3527 951 3609; x_wconf 69' lang='grc'>(1111111111</span> <span class='ocrx_word' id='word_1_174' title='bbox 977 3527 1174 3593; x_wconf 89' lang='lat' dir='ltr'><strong>habebatur.</strong></span> <span class='ocrx_word' id='word_1_175' title='bbox 1199 3526 1311 3593; x_wconf 87' lang='lat' dir='ltr'><strong>Ratus</strong></span> <span class='ocrx_word' id='word_1_176' title='bbox 1332 3542 1412 3609; x_wconf 80' lang='lat' dir='ltr'><strong>ergo</strong></span> <span class='ocrx_word' id='word_1_177' title='bbox 1434 3526 1564 3595; x_wconf 84' lang='lat' dir='ltr'><strong>Iarbita</strong></span> 
     </span>
     <span class='ocr_line' id='line_1_24' title="bbox 361 3645 1562 3730; baseline 0.002 -17"><span class='ocrx_word' id='word_1_178' title='bbox 361 3648 397 3713; x_wconf 94' lang='lat' dir='ltr'><strong>in</strong></span> <span class='ocrx_word' id='word_1_179' title='bbox 428 3648 540 3714; x_wconf 89' lang='lat' dir='ltr'><strong>coenis</strong></span> <span class='ocrx_word' id='word_1_180' title='bbox 570 3647 744 3730; x_wconf 85' lang='lat' dir='ltr'><strong>epulisque</strong></span> <span class='ocrx_word' id='word_1_181' title='bbox 771 3663 846 3714; x_wconf 89' lang='lat' dir='ltr'><strong>esse</strong></span> <span class='ocrx_word' id='word_1_182' title='bbox 868 3648 992 3729; x_wconf 88' lang='lat' dir='ltr'><strong>omnia,</strong></span> <span class='ocrx_word' id='word_1_183' title='bbox 1016 3646 1209 3727; x_wconf 77' lang='lat' dir='ltr'><strong>Timagenis</strong></span> <span class='ocrx_word' id='word_1_184' title='bbox 1229 3645 1464 3715; x_wconf 84' lang='lat' dir='ltr'><strong>aemulabatur</strong></span> <span class='ocrx_word' id='word_1_185' title='bbox 1486 3664 1562 3715; x_wconf 91' lang='lat' dir='ltr'><strong>con·</strong></span> 
     </span>
     <span class='ocr_line' id='line_1_25' title="bbox 361 3767 1564 3852; baseline 0.002 -17"><span class='ocrx_word' id='word_1_186' title='bbox 361 3767 519 3835; x_wconf 89' lang='lat' dir='ltr'><strong>vivia...</strong></span> <span class='ocrx_word' id='word_1_187' title='bbox 552 3768 610 3836; x_wconf 85' lang='lat' dir='ltr'><strong>sed</strong></span> <span class='ocrx_word' id='word_1_188' title='bbox 642 3771 768 3852; x_wconf 72' lang='lat' dir='ltr'><strong>mptus</strong></span> <span class='ocrx_word' id='word_1_189' title='bbox 790 3771 838 3834; x_wconf 82' lang='lat' dir='ltr'><strong>ost</strong></span> <span class='ocrx_word' id='word_1_190' title='bbox 860 3768 927 3835; x_wconf 90' lang='grc'>1.1.</span> <span class='ocrx_word' id='word_1_191' title='bbox 952 3768 1085 3835; x_wconf 78' lang='grc'>(1111111</span> <span class='ocrx_word' id='word_1_192' title='bbox 1106 3772 1144 3834; x_wconf 85' lang='grc'><strong>11</strong></span> <span class='ocrx_word' id='word_1_193' title='bbox 1167 3768 1381 3850; x_wconf 77' lang='lat' dir='ltr'><strong>naufragium</strong></span> <span class='ocrx_word' id='word_1_194' title='bbox 1403 3769 1484 3837; x_wconf 82' lang='lat' dir='ltr'><strong>iecit</strong></span> <span class='ocrx_word' id='word_1_195' title='bbox 1506 3787 1564 3852; x_wconf 88' lang='lat' dir='ltr'><strong>pa·</strong></span> 
     </span>
     <span class='ocr_line' id='line_1_26' title="bbox 360 3887 1564 3975; baseline 0.002 -18"><span class='ocrx_word' id='word_1_196' title='bbox 360 3889 522 3957; x_wconf 91' lang='lat' dir='ltr'><strong>trimcnii.</strong></span> <span class='ocrx_word' id='word_1_197' title='bbox 543 3889 579 3957; x_wconf 88' lang='lat' dir='ltr'><strong>Si</strong></span> <span class='ocrx_word' id='word_1_198' title='bbox 599 3894 741 3975; x_wconf 78' lang='lat' dir='ltr'><strong>raptam</strong></span> <span class='ocrx_word' id='word_1_199' title='bbox 760 3907 835 3957; x_wconf 86' lang='lat' dir='ltr'><strong>esse</strong></span> <span class='ocrx_word' id='word_1_200' title='bbox 856 3889 1027 3957; x_wconf 92' lang='lat' dir='ltr'><strong>hominem</strong></span> <span class='ocrx_word' id='word_1_201' title='bbox 1046 3887 1192 3971; x_wconf 87' lang='lat' dir='ltr'><strong>aliquem</strong></span> <span class='ocrx_word' id='word_1_202' title='bbox 1211 3890 1368 3969; x_wconf 84' lang='lat' dir='ltr'><strong>dicimus,</strong></span> <span class='ocrx_word' id='word_1_203' title='bbox 1383 3891 1564 3959; x_wconf 89' lang='lat' dir='ltr'><strong>audientes</strong></span> 
     </span>
     <span class='ocr_line' id='line_1_27' title="bbox 360 4010 1563 4090; baseline 0 -12"><span class='ocrx_word' id='word_1_204' title='bbox 360 4010 582 4079; x_wconf 90' lang='lat' dir='ltr'><strong>admonemus</strong></span> <span class='ocrx_word' id='word_1_205' title='bbox 604 4012 736 4079; x_wconf 84' lang='lat' dir='ltr'><strong>fabulae</strong></span> <span class='ocrx_word' id='word_1_206' title='bbox 758 4012 799 4079; x_wconf 89' lang='lat' dir='ltr'><strong>de</strong></span> <span class='ocrx_word' id='word_1_207' title='bbox 822 4029 907 4079; x_wconf 90' lang='lat' dir='ltr'><strong>rana</strong></span> <span class='ocrx_word' id='word_1_208' title='bbox 929 4015 965 4080; x_wconf 87' lang='lat' dir='ltr'><strong>et</strong></span> <span class='ocrx_word' id='word_1_209' title='bbox 987 4012 1083 4090; x_wconf 84' lang='lat' dir='ltr'><strong>bove,</strong></span> <span class='ocrx_word' id='word_1_210' title='bbox 1107 4012 1167 4079; x_wconf 90' lang='lat' dir='ltr'><strong>sed</strong></span> <span class='ocrx_word' id='word_1_211' title='bbox 1189 4013 1240 4080; x_wconf 90' lang='lat' dir='ltr'><strong>ita</strong></span> <span class='ocrx_word' id='word_1_212' title='bbox 1262 4013 1444 4081; x_wconf 88' lang='lat' dir='ltr'><strong>utstatim</strong></span> <span class='ocrx_word' id='word_1_213' title='bbox 1464 4012 1563 4079; x_wconf 88' lang='lat' dir='ltr'><strong>intel·</strong></span> 
     </span>
     <span class='ocr_line' id='line_1_28' title="bbox 360 4133 1340 4217; baseline -0.001 -17"><span class='ocrx_word' id='word_1_214' title='bbox 360 4133 468 4215; x_wconf 80' lang='lat' dir='ltr'><strong>ligant</strong></span> <span class='ocrx_word' id='word_1_215' title='bbox 490 4150 569 4201; x_wconf 90' lang='lat' dir='ltr'><strong>eum</strong></span> <span class='ocrx_word' id='word_1_216' title='bbox 592 4133 634 4200; x_wconf 89' lang='lat' dir='ltr'><strong>ad</strong></span> <span class='ocrx_word' id='word_1_217' title='bbox 659 4133 808 4217; x_wconf 89' lang='lat' dir='ltr'><strong>inopiam</strong></span> <span class='ocrx_word' id='word_1_218' title='bbox 831 4138 1133 4217; x_wconf 88' lang='lat' dir='ltr'><strong>paupertatemque</strong></span> <span class='ocrx_word' id='word_1_219' title='bbox 1154 4134 1340 4201; x_wconf 84' lang='lat' dir='ltr'><strong>redactum.</strong></span> 
     </span>
    </p>

    <p class='ocr_par' dir='ltr' id='par_1_8' title="bbox 363 4253 1563 4462">
     <span class='ocr_line' id='line_1_29' title="bbox 407 4253 1563 4339; baseline 0.002 -19"><span class='ocrx_word' id='word_1_220' title='bbox 407 4253 608 4339; x_wconf 79' lang='lat' dir='ltr'><strong>Exemplum</strong></span> <span class='ocrx_word' id='word_1_221' title='bbox 633 4255 826 4338; x_wconf 81' lang='lat' dir='ltr'><strong>Timagenis</strong></span> <span class='ocrx_word' id='word_1_222' title='bbox 846 4255 932 4337; x_wconf 92' lang='lat' dir='ltr'><strong>quod</strong></span> <span class='ocrx_word' id='word_1_223' title='bbox 955 4255 1100 4322; x_wconf 86' lang='lat' dir='ltr'><strong>Iarbitae</strong></span> <span class='ocrx_word' id='word_1_224' title='bbox 1122 4254 1228 4323; x_wconf 87' lang='lat' dir='ltr'><strong>exitio</strong></span> <span class='ocrx_word' id='word_1_225' title='bbox 1250 4254 1317 4322; x_wconf 85' lang='lat' dir='ltr'><strong>fuit</strong></span> <span class='ocrx_word' id='word_1_226' title='bbox 1338 4255 1470 4339; x_wconf 83' lang='lat' dir='ltr'><strong>egregie</strong></span> <span class='ocrx_word' id='word_1_227' title='bbox 1492 4253 1563 4322; x_wconf 91' lang='lat' dir='ltr'><strong>illu·</strong></span> 
     </span>
     <span class='ocr_line' id='line_1_30' title="bbox 363 4354 1512 4462; baseline -0.002 -18"><span class='ocrx_word' id='word_1_228' title='bbox 363 4379 476 4444; x_wconf 87' lang='lat' dir='ltr'><strong>strant</strong></span> <span class='ocrx_word' id='word_1_229' title='bbox 498 4379 535 4442; x_wconf 81' lang='lat' dir='ltr'><strong>et</strong></span> <span class='ocrx_word' id='word_1_230' title='bbox 559 4374 721 4444; x_wconf 82' lang='lat' dir='ltr'><strong>Martialis</strong></span> <span class='ocrx_word' id='word_1_231' title='bbox 742 4375 835 4443; x_wconf 90' lang='lat' dir='ltr'><strong>locus</strong></span> <span class='ocrx_word' id='word_1_232' title='bbox 858 4376 933 4461; x_wconf 85' lang='lat' dir='ltr'><strong>(VI,</strong></span> <span class='ocrx_word' id='word_1_233' title='bbox 956 4375 1031 4462; x_wconf 84' lang='grc'>48);</span> <span class='ocrx_word' id='word_1_234' title='bbox 1511 4354 1512 4358; x_wconf 30' lang='grc'><strong>“</strong></span> 
     </span>
    </p>
   </div>
   <div class='ocr_carea' id='block_1_5' title="bbox 359 4603 1563 4837">
    <p class='ocr_par' dir='ltr' id='par_1_9' title="bbox 359 4603 1563 4837">
     <span class='ocr_line' id='line_1_31' title="bbox 394 4603 1563 4671; baseline 0.002 -15"><span class='ocrx_word' id='word_1_235' title='bbox 394 4606 418 4668; x_wconf 93' lang='grc'><strong>1)</strong></span> <span class='ocrx_word' id='word_1_236' title='bbox 442 4604 497 4656; x_wconf 83' lang='lat' dir='ltr'><strong>Non</strong></span> <span class='ocrx_word' id='word_1_237' title='bbox 521 4605 593 4656; x_wconf 85' lang='lat' dir='ltr'><strong>unior</strong></span> <span class='ocrx_word' id='word_1_238' title='bbox 616 4621 668 4655; x_wconf 86' lang='grc'>1111</span> <span class='ocrx_word' id='word_1_239' title='bbox 690 4604 844 4670; x_wconf 75' lang='lat' dir='ltr'><strong>grammatici</strong></span> <span class='ocrx_word' id='word_1_240' title='bbox 862 4603 1053 4670; x_wconf 76' lang='lat' dir='ltr'><strong>prudentissima</strong></span> <span class='ocrx_word' id='word_1_241' title='bbox 1071 4605 1146 4656; x_wconf 78' lang='lat' dir='ltr'><strong>haec:</strong></span> <span class='ocrx_word' id='word_1_242' title='bbox 1164 4603 1520 4671; x_wconf 65' lang='lat' dir='ltr'><strong>„Yimma-Inditn”</strong></span> <span class='ocrx_word' id='word_1_243' title='bbox 1537 4615 1563 4660; x_wconf 85' lang='lat' dir='ltr'><strong>et</strong></span> 
     </span>
     <span class='ocr_line' id='line_1_32' title="bbox 360 4687 1562 4754; baseline 0.001 -17"><span class='ocrx_word' id='word_1_244' title='bbox 360 4688 446 4738; x_wconf 86' lang='grc'>111111</span> <span class='ocrx_word' id='word_1_245' title='bbox 471 4688 519 4738; x_wconf 84' lang='grc'>1111</span> <span class='ocrx_word' id='word_1_246' title='bbox 542 4704 605 4753; x_wconf 83' lang='lat' dir='ltr'><strong>quae</strong></span> <span class='ocrx_word' id='word_1_247' title='bbox 627 4691 773 4753; x_wconf 79' lang='lat' dir='ltr'><strong>sequuntur:</strong></span> <span class='ocrx_word' id='word_1_248' title='bbox 796 4687 854 4752; x_wconf 72' lang='lat' dir='ltr'><strong>¹‚qui</strong></span> <span class='ocrx_word' id='word_1_249' title='bbox 877 4704 902 4737; x_wconf 85' lang='grc'><strong>11</strong></span> <span class='ocrx_word' id='word_1_250' title='bbox 927 4704 985 4737; x_wconf 85' lang='lat' dir='ltr'><strong>voce</strong></span> <span class='ocrx_word' id='word_1_251' title='bbox 1012 4695 1037 4737; x_wconf 91' lang='grc'><strong>11</strong></span> <span class='ocrx_word' id='word_1_252' title='bbox 1054 4687 1174 4738; x_wconf 66' lang='lat' dir='ltr'><strong>emko</strong></span> <span class='ocrx_word' id='word_1_253' title='bbox 1191 4688 1253 4737; x_wconf 74' lang='lat' dir='ltr'><strong>reale</strong></span> <span class='ocrx_word' id='word_1_254' title='bbox 1269 4691 1395 4753; x_wconf 63' lang='lat' dir='ltr'><strong>uppem</strong></span> <span class='ocrx_word' id='word_1_255' title='bbox 1410 4688 1486 4754; x_wconf 83' lang='lat' dir='ltr'><strong>rupit,</strong></span> <span class='ocrx_word' id='word_1_256' title='bbox 1503 4688 1562 4738; x_wconf 82' lang='lat' dir='ltr'><strong>dam</strong></span> 
     </span>
     <span class='ocr_line' id='line_1_33' title="bbox 359 4769 1470 4837; baseline 0.003 -18"><span class='ocrx_word' id='word_1_257' title='bbox 359 4769 517 4836; x_wconf 76' lang='lat' dir='ltr'><strong>Timagenem</strong></span> <span class='ocrx_word' id='word_1_258' title='bbox 534 4776 559 4821; x_wconf 89' lang='lat' dir='ltr'><strong>et</strong></span> <span class='ocrx_word' id='word_1_259' title='bbox 577 4770 680 4821; x_wconf 87' lang='lat' dir='ltr'><strong>diceudo</strong></span> <span class='ocrx_word' id='word_1_260' title='bbox 697 4776 722 4821; x_wconf 87' lang='lat' dir='ltr'><strong>et</strong></span> <span class='ocrx_word' id='word_1_261' title='bbox 738 4771 858 4837; x_wconf 81' lang='lat' dir='ltr'><strong>parcendo</strong></span> <span class='ocrx_word' id='word_1_262' title='bbox 876 4771 968 4821; x_wconf 81' lang='grc'>1111111</span> <span class='ocrx_word' id='word_1_263' title='bbox 985 4776 1088 4821; x_wconf 79' lang='lat' dir='ltr'><strong>conatur</strong></span> <span class='ocrx_word' id='word_1_264' title='bbox 1107 4770 1230 4836; x_wconf 78' lang='lat' dir='ltr'><strong>aequare”</strong></span> <span class='ocrx_word' id='word_1_265' title='bbox 1247 4769 1407 4821; x_wconf 71' lang='lat' dir='ltr'><strong>manifestum</strong></span> <span class='ocrx_word' id='word_1_266' title='bbox 1423 4775 1470 4822; x_wconf 83' lang='grc'>111.</span> 
     </span>
    </p>
   </div>
   <div class='ocr_carea' id='block_1_6' title="bbox 0 0 1928 6006">
    <p class='ocr_par' dir='ltr' id='par_1_10' title="bbox 0 0 1928 6006">
     <span class='ocr_line' id='line_1_34' title="bbox 0 0 1928 6006; baseline 0 0"><span class='ocrx_word' id='word_1_267' title='bbox 0 0 1928 6006; x_wconf 95' lang='lat' dir='ltr'><strong> </strong></span> 
     </span>
    </p>
   </div>
  </div>
 </body>
</html>
