3848 6006
930 770 996 836 168

360 992 476 1058 aetate
509 1006 532 1055 a
560 983 807 1053 Franootiallis
839 985 996 1050 accurate
1025 982 1237 1066 exploratum
1271 987 1336 1052 est.
1375 986 1564 1071 Hippodro

361 1129 458 1179 mum
480 1125 561 1176 vero
584 1107 704 1176 multis
723 1106 829 1174 etiam
851 1102 995 1171 meculis
1014 1111 1092 1186 post
1109 1100 1245 1173 curiae
1264 1105 1352 1174 vidit
1373 1107 1567 1178 Pausanias

359 1233 472 1316 ibique
501 1231 607 1298 etiam
637 1233 721 1296 tunc
750 1227 922 1311 equestria
943 1225 1130 1293 certamina
1151 1226 1349 1308 agebantur.
1371 1228 1567 1299 Pausaniae

361 1353 466 1421 verba
483 1351 533 1431 (X
553 1350 609 1428 87,
627 1351 665 1428 4)
683 1351 766 1415 haec
785 1349 886 1414 sunt:
906 1345 936 1419 ίς
957 1346 990 1413 rt
1011 1346 1119 1425 Κίρραν
1138 1345 1173 1411 εί
1193 1346 1320 1412 ίείνενεν
1341 1350 1479 1430 Δελφῶν
1497 1348 1565 1423 itta

361 1471 571 1554 plenaliter
592 1469 740 1550 ίξιίεενεᾶ
761 1469 844 1534 tore
862 1468 898 1533 ίε
918 1474 1070 1547 Δελφῶν·
1091 1467 1272 1545 καταβάντε
1291 1468 1324 1534 ii
1344 1469 1375 1541 te
1397 1470 1434 1536 τὸ
1459 1472 1567 1538 πεδίον

362 1592 547 1676 inmollis
567 1617 604 1660 rr
622 1593 688 1658 ίστν
710 1591 762 1657 aul
775 1591 883 1670 ἀγῶνι
897 1589 1022 1672 [nuilla]
1039 1587 1062 1670 ¹)
1074 1587 1202 1669 lyam
1215 1591 1346 1656 ίνειῦίν
1358 1593 1409 1658 τίν
1422 1593 1566 1665 irretir-

407 1719 504 1786 Inest
532 1717 568 1784 in
590 1716 661 1784 loco
683 1715 739 1782 illo
761 1711 974 1781 celeberrimo
991 1712 1162 1797 Sophoclis
1187 1711 1323 1792 (illectr.
1342 1731 1377 1781 v.
1396 1716 1466 1783 680
1486 1722 1563 1802 ες.)

361 1858 428 1925 quo
467 1839 597 1907 Orestis
636 1840 673 1906 in
708 1836 842 1922 Pythiis
883 1835 1071 1903 certamina
1111 1837 1269 1919 gymnica
1311 1838 1348 1903 et
1390 1841 1567 1921 equestria

361 1963 606 2041 describuntur,
635 1958 818 2027 difficultas
849 1957 1026 2041 quaedam,
1055 1975 1142 2041 quae
1169 1956 1274 2024 ierim
1295 1957 1431 2041 quidem
1455 1959 1567 2028 videri

361 2086 486 2168 potest,
506 2085 621 2149 tamen
640 2095 747 2162 aeque
767 2079 917 2161 requirit,
938 2081 981 2144 nt
997 2076 1145 2145 tollatur.
1164 2078 1205 2145 In
1221 2077 1355 2162 Pythiis
1373 2079 1566 2150 medalio

363 2203 533 2290 equestria
551 2200 739 2270 certamma
750 2200 934 2266 veniebant
944 2200 1199 2283 postgymniea
1222 2199 1369 2278 Orestes,
1381 2203 1567 2285 postquam

362 2327 398 2393 iu
421 2325 588 2410 gymnicis
610 2323 706 2400 vicit,
729 2322 808 2389 iniit
826 2321 996 2405 equestria
1014 2321 1080 2390 alio
1099 2321 1163 2401 die,
1182 2318 1284 2394 ruer
1305 2319 1432 2402 ίνιίενε,
1453 2322 1566 2392 multo

363 2464 464 2516 mane
500 2443 585 2521 talou
618 2443 781 2514 «raama
815 2461 850 2511 ν.
880 2443 947 2510 698
978 2460 1028 2526 sq.
1061 2443 1171 2524 Vulgo
1202 2443 1350 2511 creditur
1379 2446 1565 2528 postquam

362 2569 550 2638 certamina
579 2566 738 2652 gymnica
760 2564 858 2632 linita
880 2564 962 2646 sint,
985 2565 1146 2631 mutiano
1168 2567 1301 2647 postero
1323 2563 1377 2631 die
1398 2582 1421 2633 a
1442 2565 1565 2649 primis

363 2690 440 2759 inde
474 2690 539 2757 dici
579 2688 671 2756 horis
708 2686 826 2753 habita
862 2702 939 2753 esse
976 2685 1155 2768 equestria
1197 2685 1267 2752 Nec
1295 2685 1432 2754 mirum.
1469 2688 1565 2772 Quae

363 2811 455 2880 enim
486 2810 674 2878 certamina
702 2807 745 2874 ad
776 2824 864 2874 unos
892 2805 1093 2888 eosdemque
1118 2804 1215 2873 ludos
1236 2806 1455 2891 pertinerent,
1479 2809 1565 2879 haec

362 2934 508 3017 negitare
526 2931 636 3012 magis
658 2930 694 2996 in
714 2932 872 3012 promptu
890 2930 945 2995 est
963 2943 1024 3011 per
1042 2926 1156 3008 plures
1174 2927 1352 2995 continuos
1370 2927 1442 2997 dies
1456 2929 1564 2999 inimo

363 3059 450 3131 acta,
481 3071 585 3137 quam
613 3050 759 3134 longiore
789 3050 921 3117 dierum
951 3047 1129 3116 intervallo
1151 3049 1187 3115 iu
1210 3050 1296 3116 duas
1318 3053 1434 3133 partes
1456 3051 1564 3120 illisae

362 3175 536 3245 distracta
569 3172 662 3256 Quod
686 3176 802 3240 tamen
826 3171 857 3238 si
879 3170 929 3238 ita
950 3173 1016 3247 est,
1040 3169 1180 3238 offendit
1201 3169 1282 3237 illud
1304 3167 1406 3245 ίλλνε
1431 3170 1562 3252 teiln,

363 3298 453 3365 Nam
474 3312 683 3382 quamquam
704 3293 776 3361 dies
799 3298 955 3376 posterus
976 3307 1109 3375 qnoque
1131 3290 1217 3368 iarn
1237 3291 1337 3372 ἠμίρι
1354 3297 1419 3372 est,
1443 3297 1562 3364 tamen

363 3435 403 3486 ea
434 3435 520 3503 quae
550 3421 683 3500 postero
713 3415 767 3483 die
796 3419 875 3483 acta
896 3417 981 3481 sunt
1002 3414 1184 3498 improprie
1205 3418 1283 3482 acta
1303 3431 1381 3483 esse
1402 3416 1564 3485 dicuutur

363 3540 427 3607 alio
457 3537 603 3623 quodam
633 3536 697 3614 die,
727 3532 830 3609 iata
862 3534 990 3614 talpae.
1021 3534 1156 3602 inesset
1184 3535 1288 3617 igitur
1313 3536 1368 3603 hic
1390 3536 1563 3620 Sophoclis

362 3661 527 3745 quaedam
547 3660 583 3726 in
601 3659 753 3726 oratione
772 3658 932 3725 socordia.
948 3657 1191 3725 Poetameuim
1202 3657 1300 3740 plane
1312 3658 1482 3737 nesciisse,
1494 3676 1563 3742 quo

364 3783 461 3850 modo
472 3783 540 3850 iere
552 3779 677 3864 Pythia
688 3796 750 3847 suo
761 3782 913 3862 tempore
923 3777 1077 3847 ordinata
1087 3783 1215 3860 essent,
1227 3797 1327 3848 nemo
1337 3780 1514 3850 crediderit
1522 3777 1561 3868 ²).

398 4003 423 4066 1)
440 4001 520 4054 Πίίνε
536 4004 667 4056 munero
684 4005 795 4056 ”holin
811 4011 848 4055 ort
867 4005 932 4071 qnod
950 4005 976 4056 ἰι
993 4012 1088 4055 tortu·
1105 4005 1212 4073 irrepsit.

398 4085 427 4150 2)
445 4087 613 4138 Mommmnr
629 4087 751 4154 Delphika
765 4103 790 4154 p.
799 4088 848 4137 20⁶
860 4090 879 4150 ¹)
893 4103 945 4138 rom
959 4087 995 4137 ric
1009 4086 1115 4154 explicat
1129 4088 1563 4156 eommunia-ianitor·

364 4167 527 4220 iuimrnmrt
543 4186 587 4236 per
604 4169 665 4220 duo·
679 4169 740 4230 (lior,
752 4185 855 4236 quornm
870 4170 936 4235 prior
950 4169 1088 4220 dutintnr
1102 4170 1175 4222 inerit
1190 4169 1562 4235 tuperqlaerlpetmuup,

364 4250 428 4301 alter
444 4248 523 4315 rrkllp,
541 4255 640 4317 πνγμῦ,
656 4252 815 4314 παγκρατίῳ,
832 4252 935 4316 halaq.
951 4251 1014 4302 Gom
1033 4251 1108 4317 igitur
1125 4252 1224 4304 Oroates
1240 4253 1266 4304 ἰι
1283 4254 1458 4306 mommio·
1473 4256 1563 4322 prioris

364 4333 414 4384 diei
438 4333 545 4393 vioirrot,
569 4334 619 4384 aiei
644 4333 763 4400 potuiroot
785 4333 867 4392 Mt
888 4332 982 4396 ἥμίνιι
1006 4334 1089 4385 inlisae
1111 4339 1247 4386 anamim
1267 4336 1398 4402 quonia,
1421 4353 1483 4404 qnae
1505 4345 1564 4404 port

364 4416 470 4467 alterum
488 4416 586 4467 domum
604 4417 765 4467 certaminum
783 4418 951 4482 gymnicorum
968 4417 1033 4467 diem
1051 4427 1135 4470 muta
1150 4426 1238 4470 urent.
1261 4419 1308 4469 Sed
1324 4435 1411 4486 parm
1428 4420 1562 4472 resumite

364 4504 401 4549 oct
417 4498 516 4564 Delphis
529 4499 565 4549 rio
581 4498 636 4565 plur
651 4499 950 4564 temporircertaminibna
957 4498 1077 4565 gymnicis
1090 4500 1242 4567 impertitum
1253 4500 1328 4551 ίείεεε
1339 4518 1412 4568 qum
1422 4500 1561 4570 Olympiaca

366 4580 494 4630 Praeterea
511 4582 546 4631 rio
563 4581 637 4648 plano
654 4597 703 4632 non
719 4581 875 4646 intelligitur,
893 4582 936 4647 qni
953 4582 1004 4632 ieri
1022 4584 1131 4648 potnerit
1147 4590 1176 4634 nt
1191 4583 1307 4644 ίνλίης,
1323 4585 1363 4634 coi
1380 4591 1478 4636 tutam
1491 4601 1561 4652 prte-

364 4662 492 4713 cearirront
508 4663 586 4724 πάλιν,
602 4663 700 4727 mpii,
719 4663 883 4727 παγκράτιον,
898 4666 924 4714 in
940 4672 1045 4726 norum,
1060 4672 1089 4715 nt
1104 4683 1159 4716 mox
1175 4666 1319 4727 ridebimus,
1335 4668 1447 4734 protrahi
1463 4668 1561 4721 colorat.

365 4744 429 4795 Utot
437 4753 520 4795 umen
529 4753 565 4796 eat
574 4746 705 4812 explicatio
715 4747 775 4797 ineo
785 4763 872 4807 meam,
879 4763 952 4814 qnam
962 4748 1026 4798 inira
1034 4764 1162 4814 upupam,
1168 4749 1277 4815 explorat
1285 4750 1368 4816 potina
1375 4766 1448 4816 qum
1454 4751 1561 4804 auena
