3848 6006
925 838 992 905 228

862 1024 1053 1071 nruunsroa

497 1119 567 1191 εἶτα
590 1121 626 1199 ie
648 1122 682 1188 τί
704 1121 809 1199 τοῦτ’;

885 1243 1028 1289 unum.

798 1336 869 1411 luae
893 1338 942 1405 lei
961 1336 1069 1403 thora
1092 1333 1283 1416 προσδοκᾶν·
1307 1329 1418 1398 eadm

497 1467 551 1530 τοῦ
575 1461 687 1542 τὶγοος
711 1458 741 1527 εἷ
761 1483 808 1527 εοο
831 1460 920 1541 μέρος
942 1483 973 1525 τε
996 1461 1050 1540 ῥεῖ.

861 1600 1053 1646 umnesroz.

1025 1694 1061 1760 τὸ
1083 1693 1247 1760 ratium!
1270 1688 1361 1758 ἁλλὰ
1385 1689 1419 1756 οἱ

494 1809 585 1871 τοῦτο
606 1801 679 1885 πρὸς
703 1802 793 1870 ἐκεῖν’
819 1803 907 1889 lur13

885 1926 1026 1974 onmes.

908 2021 981 2087 τοτε
1004 2019 1062 2097 μὶν
1083 2017 1205 2099 γίγνεθ’
1230 2016 1245 2084 ὅ
1269 2015 1347 2088 Ζεὺς
1370 2013 1513 2098 χρυσίον,

495 2144 566 2212 τότε
589 2143 616 2210 δ’
641 2141 727 2225 ὕδωρ,
751 2142 840 2228 ὁρᾷς·
865 2141 977 2209 ἐκείνου
1001 2136 1127 2222 τοῦργον
1152 2140 1246 2208 derra.
1270 2139 1310 2212 de
1332 2137 1423 2220 ταχὺ

496 2264 639 2347 edepol

862 2375 1052 2421 nruseuroa

635 2468 689 2537 nal
713 2469 875 2550 βουκολεῖς
898 2493 961 2548 ute

887 2610 1028 2656 nausea

952 2704 1001 2783 μὶ
1024 2702 1075 2770 τὸν
1101 2702 1250 2770 Ἀπόλλω
1273 2703 1334 2783 lyd
1358 2703 1416 2781 ule
1440 2701 1488 2771 οὗ.

497 2827 586 2894 ἀλλὰ
609 2826 719 2910 χείρων
742 2825 808 2894 οὐδὲ
831 2825 937 2906 μικρὸν
960 2825 1114 2908 ’expleto
1137 2823 1281 2901 ὶιῦοοοοθεε
1304 2820 1385 2890 εἷ-

361 2956 483 3019 eetera.
515 2951 714 3019 Manifestus
743 2950 847 3032 igitur
869 2949 938 3017 iam
960 2951 1097 3016 tenetur
1119 2949 1150 3017 is
1173 2966 1275 3034 quem
1297 2948 1478 3016 Terentius
1501 2952 1561 3016 est

361 3077 514 3142 secutus·
537 3073 602 3141 Sed
625 3076 662 3140 et
684 3073 714 3139 is
736 3089 837 3155 quem
860 3071 1033 3139 Horatius.
1057 3070 1158 3153 Apud
1180 3087 1282 3153 quem
1304 3070 1393 3153 quod
1417 3072 1560 3138 vetusta

360 3193 473 3262 sobna
503 3194 659 3276 inprimis
689 3193 866 3275 indignum
896 3194 951 3259 est
979 3194 1016 3258 et
1038 3207 1119 3258 vere
1142 3191 1293 3269 scurrile,
1312 3193 1461 3277 pretium
1483 3191 1559 3259 dieo

360 3331 483 3383 nomen
513 3316 587 3383 sive
617 3331 776 3381 nummos
805 3331 864 3397 pro
894 3313 1001 3380 imbre
1031 3315 1150 3380 sumto
1180 3312 1399 3391 substitutos,
1428 3313 1462 3380 id
1486 3313 1557 3380 iam

358 3439 457 3504 extet
487 3436 522 3503 in
555 3435 697 3503 Demeae
726 3435 781 3503 his
808 3435 928 3520 verbu,
953 3435 1078 3516 χρυσίον
1100 3434 1192 3501 euim
1213 3433 1311 3520 dixit,
1338 3451 1406 3501 non
1429 3431 1558 3519 χρυσον,

359 3574 492 3634 aureos,
515 3574 580 3623 non
605 3575 745 3624 numm.

407 3679 498 3760 Quae
517 3677 753 3761 intellegimus,
773 3678 903 3745 facilius
921 3678 1136 3759 ignoscimus.
1157 3678 1329 3747 Titianum
1350 3696 1415 3747 non
1436 3696 1480 3746 ex
1492 3697 1559 3748 sua

361 3804 476 3868 mente
492 3800 739 3883 exprompsisse
754 3803 888 3884 turpem
902 3799 994 3866 illem
1009 3817 1116 3867 anum
1131 3800 1185 3868 vel
1199 3801 1323 3868 nubem
1336 3817 1557 3868 nummorum

361 3921 515 3999 feracem,
547 3921 606 3987 sed
637 3937 681 3988 ex
711 3920 852 3988 Horatio
883 3922 1033 3998 duxisse,
1063 3923 1154 3989 huno
1176 3938 1218 3989 ex
1242 3923 1395 4005 exemplo
1417 3922 1559 4001 Graeoo,

362 4045 541 4124 postquam
561 4042 805 4126 perspeximus,
821 4043 934 4124 magni
949 4043 1090 4110 artiilois
1101 4041 1362 4126 pulcherrimam
1373 4043 1559 4125 imaginem

362 4161 466 4228 foedis
488 4163 729 4229 additamentis
751 4162 911 4230 iniectam
925 4212 933 4230 .
948 4209 979 4227 ..
1004 4180 1072 4230 non
1096 4164 1211 4230 minus
1234 4164 1368 4247 quidem
1392 4163 1558 4244 dolemus,

360 4283 419 4350 sed
443 4283 556 4351 minus
579 4284 802 4366 indignamur.
828 4286 877 4351 At
901 4283 996 4351 nobis
1014 4282 1128 4352 Danae
1149 4301 1216 4351 uon
1235 4289 1290 4352 est
1310 4285 1416 4353 facilis
1435 4285 1558 4371 puella,

360 4422 446 4487 quae
475 4405 571 4473 danti
601 4405 693 4472 dedit
723 4406 813 4472 haud
845 4405 963 4482 invite,
987 4406 1046 4472 sed
1070 4424 1110 4472 ee
1132 4423 1217 4489 quae
1240 4407 1307 4472 iirit
1330 4407 1448 4490 priscis
1471 4409 1560 4475 vati·

361 4525 443 4593 bus:
475 4530 567 4592 terre
590 4529 708 4611 mater,
733 4525 841 4607 patris
864 4525 1019 4592 caelestis
1041 4527 1174 4612 coniux,
1199 4527 1354 4609 quiequid
1377 4527 1465 4594 vivit
1490 4528 1560 4609 spi-

362 4649 480 4729 ratque
503 4664 522 4712 e
544 4648 670 4727 gremio
694 4647 792 4713 sereni
816 4647 928 4713 edens.
