4144 6154
870 943 938 1012 395

307 1147 416 1212 neque
436 1127 478 1196 de
500 1127 573 1211 ipso
594 1126 716 1194 iudicio
738 1125 886 1195 Athenis
908 1127 1023 1195 habito
1045 1130 1121 1195 tam
1142 1131 1300 1196 accurate
1317 1128 1501 1196 etiamtum

306 1251 540 1336 inquisivisse,
572 1252 613 1317 nt
643 1251 728 1316 benc
757 1249 859 1317 sciret
889 1253 1053 1333 quotnam
1084 1254 1257 1334 praetores
1286 1251 1501 1318 condemnati

308 1375 433 1458 essent,
465 1371 685 1438 manifestum
710 1373 775 1438 est.
799 1370 933 1438 maone
955 1372 1108 1457 deducto,
1132 1372 1175 1438 ad
1198 1389 1381 1440 numerum
1402 1389 1501 1440 nova

309 1495 443 1563 narium
471 1493 636 1578 pervenit.
667 1492 705 1560 Id
734 1493 865 1576 probat,
888 1511 1071 1562 numerum
1092 1494 1279 1578 denarium,
1303 1513 1325 1562 a
1347 1512 1412 1577 qno
1431 1511 1502 1578 pro

309 1617 529 1698 llciscebatur,
560 1631 627 1682 non
658 1615 691 1683 ei
721 1614 835 1682 visum
864 1631 939 1682 eme
969 1632 1151 1683 numerum
1181 1616 1397 1684 indefinitum
1427 1617 1502 1684 aire

308 1739 501 1824 rotundum,
520 1737 579 1805 sed
597 1742 729 1805 certum
748 1741 785 1804 et
802 1737 992 1805 definitum.
1003 1739 1169 1820 ignorare
1187 1739 1279 1805 enim
1299 1755 1367 1806 non
1379 1739 1501 1822 potuit,

308 1863 349 1930 de
379 1878 521 1929 numero
553 1859 737 1944 indefinito,
770 1859 801 1926 si
835 1876 945 1926 unum
974 1859 1195 1928 eximendum
1224 1877 1300 1928 esse
1328 1877 1389 1944 pro
1410 1864 1503 1928 cerlo

310 1983 396 2051 forte
419 1983 588 2067 novimus,
614 1998 682 2048 non
705 1979 804 2049 licere
826 1999 895 2049 uno
917 1981 1059 2050 deducto
1077 1999 1206 2050 novum
1225 1999 1407 2050 nnmerum
1425 1982 1503 2050 inde

310 2105 478 2187 derivare3
502 2105 553 2172 ita
574 2103 676 2185 enim,
701 2103 731 2170 ai
755 2103 831 2187 quis
853 2102 887 2170 io
909 2103 1042 2180 iaceret,
1068 2121 1148 2172 eum
1168 2104 1211 2172 ad
1233 2121 1415 2171 nnmerum
1432 2120 1503 2186 per·

310 2231 495 2294 renonum
525 2242 609 2308 esse,
639 2225 698 2308 qni
727 2224 889 2293 definitus
919 2226 1055 2308 quidem
1084 2229 1187 2310 esset,
1217 2226 1387 2294 sedidem
1411 2229 1504 2294 essct

310 2350 426 2416 falsus.
449 2348 639 2431 Xenophon
658 2348 761 2430 igitur
779 2365 962 2415 nnmerum
979 2347 1167 2431 denarium,
1188 2366 1290 2433 quem
1308 2349 1504 2432 corrigebat,

310 2470 490 2538 delinitum
518 2487 595 2538 esse
623 2470 882 2552 existimaverit.
919 2469 1004 2548 sive,
1033 2469 1121 2552 quod
1150 2470 1239 2538 idem
1270 2475 1340 2554 est,
1372 2474 1504 2538 certum

311 2593 384 2660 eius
413 2593 547 2660 numeri
575 2596 749 2660 auctorem
777 2591 943 2669 habuerit,
967 2609 1106 2660 necesse
1127 2595 1200 2675 eat;
1222 2591 1259 2658 in
1281 2592 1345 2659 hac
1366 2609 1403 2660 re
1424 2609 1505 2659 cnm

311 2715 478 2783 erravisse
507 2714 730 2782 manifestum
755 2717 821 2791 est,
842 2714 931 2797 quod
955 2732 1146 2796 nnmerum,
1169 2714 1212 2781 ab
1233 2717 1371 2782 anctore
1392 2714 1505 2798 aliquo

311 2837 376 2904 sibi
394 2837 561 2904 traditum
578 2837 637 2920 qni
653 2853 733 2904 eum
751 2854 812 2920 pro
829 2835 1006 2905 indefinito
1023 2836 1138 2904 haberi
1155 2835 1268 2914 velet,
1287 2853 1347 2919 pro
1364 2835 1505 2903 delinito

311 2959 476 3029 babuerit.
515 2959 604 3026 Eum
636 2961 810 3026 auctorem
845 2958 935 3026 baud
969 2957 1074 3026 alium
1107 2975 1183 3026 essa
1217 2958 1368 3042 potuisse
1400 2975 1505 3042 quam

311 3080 488 3149 Platonem
517 3078 697 3165 Apologiac
726 3084 910 3166 auctorem,
942 3081 1011 3148 iam
1034 3099 1093 3165 per
1115 3097 1152 3148 se
1174 3079 1302 3148 clarum
1324 3097 1399 3148 eme
1419 3079 1504 3147 urbi·

312 3205 400 3287 tror3
428 3206 519 3270 certa
541 3219 613 3270 rem
635 3205 685 3270 ita
707 3218 746 3270 se
767 3203 889 3271 babere
911 3203 996 3270 mibi
1019 3203 1123 3286 dabit,
1147 3203 1350 3286 quicumque
1372 3205 1503 3287 reputa

311 3326 401 3394 verit
421 3328 590 3408 qnantum
609 3324 790 3410 Apologiae
808 3325 960 3392 Platonis
977 3325 1132 3409 exemplo
1150 3325 1303 3393 debuerit
1314 3325 1503 3409 Xenophon

311 3447 347 3513 in
377 3447 513 3531 scriptis
543 3447 615 3514 suis
642 3446 831 3515 Socraticis.
860 3485 896 3496 -
922 3445 986 3515 Sed
1009 3449 1098 3516 idem
1120 3466 1200 3515 cum
1221 3451 1339 3532 postea
1361 3447 1504 3514 Helleni·

312 3585 427 3636 corum
455 3568 579 3636 librum
608 3569 757 3653 primum
786 3569 958 3652 scriberet,
988 3570 1058 3637 iam
1088 3570 1125 3637 in
1147 3587 1188 3637 eo
1209 3573 1285 3638 erat
1307 3573 1356 3654 ut,
1379 3570 1506 3638 emim

312 3688 463 3757 Platonis
496 3691 712 3775 auctoritate,
747 3707 929 3758 nnmerum
963 3693 1263 3759 condemnatorum
1298 3693 1506 3760 constituere

311 3815 426 3896 posset
448 3828 550 3895 quem
571 3817 749 3881 assecutum
772 3817 864 3882 esset
886 3815 1093 3898 inquirendo,
1112 3820 1246 3882 etcum
1264 3816 1400 3898 quidem
1418 3819 1506 3884 octo

313 3933 456 4016 narium,
487 3935 544 4017 qni
575 3937 649 4002 erat
678 3951 843 4003 numerus
872 3952 986 4004 uerus.
1016 3937 1117 4004 Unns
1146 3953 1240 4005 error
1269 3940 1407 4005 tantum
1428 3940 1506 4005 tum

312 4054 418 4122 etiam
440 4055 529 4138 apud
552 4073 632 4124 eum
655 4059 869 4136 remanebat;
893 4057 935 4125 de
957 4058 1170 4126 Archestrati
1192 4058 1263 4127 fato
1286 4059 1436 4126 nondum
1454 4077 1506 4127 ac

313 4179 430 4243 curate
452 4176 601 4261 edoctus,
626 4194 686 4260 pro
708 4195 748 4245 ao
769 4196 813 4246 ex
835 4179 969 4264 collegm
992 4181 1173 4264 superioris
1195 4181 1278 4247 anni
1301 4180 1424 4248 falsum
1447 4199 1503 4248 no·

313 4313 392 4364 men
415 4296 576 4378 (leontis)
597 4300 789 4368 substituit.

358 4417 458 4486 Alter
473 4422 592 4487 auctor
610 4437 711 4503 quem
729 4421 925 4504 imprudens
942 4421 1086 4506 quidem,
1107 4421 1243 4490 sednon
1255 4421 1506 4506 imprudentem

313 4539 476 4624 eundem,
503 4541 540 4608 in
563 4557 710 4610 errorem
731 4543 875 4611 adduxit
898 4542 1004 4628 Plato,
1028 4543 1094 4611 init
1115 4543 1328 4612 Aristoteles.
1358 4544 1452 4626 Quod
1474 4546 1507 4612 is

313 4660 456 4730 scribere
474 4679 582 4730 ausus
599 4667 663 4744 ost.
684 4663 746 4731 hoc
764 4668 834 4732 est:
855 4665 947 4733 inter
965 4668 1136 4749 praetores
1151 4665 1390 4734 condemnatos
1401 4665 1507 4734 fnisse

313 4783 486 4868 quosdam,
515 4785 574 4867 qui
604 4803 649 4854 ne
678 4786 915 4853 interfuissent
946 4787 1082 4871 qnidam
1104 4804 1236 4871 pugnae
1258 4788 1389 4870 navali;
1412 4785 1504 4874 abus,

313 4903 372 4985 qui
402 4904 437 4970 in
466 4903 576 4972 aliena
607 4923 695 4975 nave
726 4906 872 4974 salutm
898 4907 1165 4992 quaesivissent3
1188 4907 1366 4984 universos
1387 4911 1506 4976 autem
