3848 6006
929 831 993 898 301

409 1018 524 1100 Alone
553 1015 587 1081 id
617 1013 752 1097 quidem
783 1014 974 1094 intelligens
1004 1015 1072 1081 iam
1104 1014 1297 1082 Demetrius
1320 1015 1499 1083 Triclinins
1521 1015 1556 1081 in

364 1138 489 1205 scholio
511 1137 553 1203 ad
577 1152 629 1202 vs.
657 1136 697 1201 18
721 1134 935 1216 reprehendit
957 1151 1029 1210 eos,
1051 1135 1115 1217 'qui
1137 1133 1249 1218 plures
1271 1137 1462 1203 sacerdotes
1483 1154 1558 1204 esse

364 1259 547 1343 putabant:
573 1255 608 1320 rb
634 1255 665 1320 tl
687 1257 721 1322 οὐ
745 1259 879 1320 τοιοῦτον
900 1303 1000 1321 .....
1021 1254 1055 1320 τὸ
1074 1256 1132 1333 μὲν
1154 1257 1200 1344 „oi
1221 1255 1252 1321 li
1272 1255 1326 1321 σὺν
1346 1257 1428 1338 γήρᾳ
1449 1255 1557 1336 βαρεῖς

365 1380 477 1461 ἱεμῖς”
506 1378 575 1443 ἀντὶ
600 1381 653 1442 τοῦ
681 1377 762 1465 „lya
786 1377 844 1454 μὶν
867 1375 1016 1459 ὑπάρχων
1038 1375 1135 1456 γέρων
1159 1376 1254 1457 ἱερεὺς
1279 1382 1332 1442 τοῦ
1358 1376 1465 1448 Διός”.
1496 1379 1558 1460 Qui

363 1506 480 1570 tamen
512 1498 665 1566 vicissim
694 1498 767 1566 iure
795 1499 916 1565 merito
946 1498 1200 1581 reprehenditur
1229 1515 1251 1565 a
1278 1498 1445 1582 Brumoy:
1474 1499 1560 1586 „celo

364 1625 413 1688 cst
441 1619 704 1697 immutab
736 1619 899 1686 vindicari
929 1618 1022 1685 enim
1045 1618 1127 1686 haee
1149 1619 1320 1686 sententia
1342 1636 1409 1686 non
1434 1622 1558 1703 potest,

365 1744 431 1812 nisi
460 1760 521 1826 pro
550 1743 638 1821 ἱερεῖς
670 1742 837 1809 scribatur
869 1739 964 1820 ἱερεύς
995 1758 1185 1824 nomenque
1215 1741 1279 1808 hoc
1308 1758 1388 1808 cum
1417 1741 1478 1819 lya
1502 1739 1560 1818 alr

365 1865 599 1946 coniungatur.
621 1863 817 1946 Legendum
840 1862 971 1945 itaque:

899 1974 926 2048 οἳ
949 1983 980 2048 tl
1004 1982 1059 2049 σὺν
1083 1984 1166 2068 γήρᾳ
1187 1983 1314 2063 βαρεῖς·
1330 1981 1357 2068 ι)

632 2103 728 2186 ἱερεὺς
750 2103 813 2182 iob
836 2103 893 2180 μὶν
917 2102 1021 2183 Ζηνδς,
1045 2100 1107 2170 οἵδε
1132 2103 1162 2168 τ’
1186 2104 1275 2188 pillau

635 2225 743 2290 herro!
755 2270 876 2291 ......

410 2348 552 2416 Poetam
573 2364 714 2414 numero
736 2344 856 2429 plurali
878 2345 942 2425 uti,
964 2364 1030 2428 qno
1053 2346 1243 2427 elegantius
1265 2337 1292 2412 ol
1312 2346 1370 2424 μέν
1388 2353 1424 2416 et
1443 2345 1506 2414 aiu
1526 2374 1562 2415 τε

367 2471 457 2538 inter
478 2487 517 2538 se
538 2470 760 2553 opponantur,
781 2484 849 2534 non
867 2469 921 2534 est
939 2467 1027 2549 quod
1046 2467 1223 2545 miremur3
1245 2470 1427 2550 particulae
1444 2473 1561 2538 autem

367 2591 425 2669 piu
447 2594 484 2658 et
505 2614 541 2654 τε
564 2590 619 2657 hic
642 2607 710 2657 non
733 2591 873 2656 tantum
895 2592 986 2656 recte
1006 2590 1066 2657 sed
1086 2590 1274 2658 rectissime
1293 2591 1559 2674 conjunguntur:

368 2711 532 2796 particula
554 2709 586 2776 ti
607 2711 719 2779 locum
741 2709 925 2788 habuisset,
950 2711 980 2777 si
1003 2710 1071 2778 tale
1089 2711 1167 2793 quid
1187 2713 1350 2794 scriptum
1370 2717 1479 2780 esset:
1501 2713 1562 2791 ἐγὼ

369 2833 425 2911 aa
447 2830 553 2913 zac,
575 2828 638 2897 cu
662 2829 690 2896 r
712 2828 819 2896 arua,
842 2831 913 2895 arev
931 2866 962 2879 -
981 2835 1022 2899 uc
1043 2831 1100 2898 uu
1122 2831 1221 2898 ancer
1243 2814 1467 2916 conjecerunt.

414 2954 507 3037 Quae
536 2954 568 3021 si
598 2953 648 3021 ita
678 2955 773 3030 sunt,
803 2968 904 3019 voees
926 2951 1020 3015 τέκνα
1043 2955 1080 3019 et
1104 2949 1215 3024 παῖδες
1238 2958 1274 3020 et
1298 2952 1352 3018 vla
1374 2957 1471 3036 τροφή
1495 2976 1562 3025 non

369 3094 428 3160 per
455 3074 714 3144 translationem
743 3072 802 3140 sed
831 3073 962 3156 proprie
993 3076 1077 3139 sunt
1098 3072 1198 3140 dicta.
1222 3073 1367 3142 Facilius
1390 3081 1564 3158 praeterea

370 3214 422 3264 vs.
452 3197 475 3263 8
505 3194 520 3260 l
550 3197 629 3260 πᾶσι
659 3191 776 3264 κλεινὸς
810 3190 954 3263 Olllrouc
986 3191 1174 3269 nominarer
1206 3207 1228 3260 a
1258 3197 1478 3278 quorumdam
1502 3200 1564 3267 im.

370 3317 632 3402 pugnationibus
663 3320 700 3383 et
731 3314 950 3383 Voltairianis
980 3313 1193 3382 contumeliis
1221 3316 1420 3384 defenditur.
1445 3320 1564 3402 Quam·

371 3456 474 3522 quam
495 3437 588 3505 enim
609 3434 806 3503 nominandi
828 3435 917 3515 regis
940 3436 1068 3502 occasio
1090 3434 1241 3503 hocloco
1261 3438 1565 3519 magisestarees·

372 3560 439 3628 sita
469 3576 571 3641 quam
602 3558 680 3625 Oed.
712 3556 780 3624 col.
813 3557 844 3640 3,
876 3556 1047 3638 dionanto
1079 3562 1196 3624 tamen
1226 3561 1352 3627 rectius
1379 3562 1422 3629 ad
1445 3582 1565 3646 pueros

371 3699 473 3765 quam
492 3680 536 3748 ad
553 3679 744 3748 sacerdotes
766 3694 867 3744 senes
888 3678 997 3745 dicere
1019 3679 1147 3762 potuit:
1170 3681 1240 3766 „lin
1260 3682 1405 3766 Oedipus
1423 3687 1503 3772 ipse,
1524 3689 1566 3756 de

371 3819 438 3886 quo
462 3806 560 3869 tanta
579 3804 615 3868 et
637 3799 719 3867 talia
740 3798 976 3882 aparentibus
994 3799 1184 3882 audivistis,
1204 3801 1246 3867 ad
1266 3803 1391 3885 puerile
1411 3811 1566 3877 vestrum

372 3921 575 4007 supplicium
604 3920 801 4005 descendo”,
831 3937 897 4003 quo
925 3921 1033 4002 magis
1066 3923 1247 4002 paternum
1270 3940 1426 4006 argaeos
1448 3930 1567 4011 prodat

372 4045 544 4113 adactum.

419 4166 599 4234 caeterum
621 4163 665 4231 ad
687 4180 755 4240 eos,
778 4163 837 4246 qni
861 4165 947 4230 vs8
970 4167 1106 4246 propter
1129 4165 1270 4233 nimiam
1288 4171 1469 4251 quamdam
1489 4173 1567 4241 sim·

373 4287 562 4372 plicitatem
583 4286 759 4367 damnant,
782 4285 866 4352 alios
887 4285 1062 4352 delaturus
1084 4302 1171 4371 sum,
1196 4289 1308 4370 quiin
1328 4291 1445 4358 eadem
1465 4312 1569 4362 causa

374 4410 456 4477 sint.
484 4406 638 4475 Potuerit
668 4422 826 4488 quaerere
858 4406 1012 4489 Oedipus,
1044 4407 1124 4488 quid
1154 4413 1274 4490 petant
1304 4414 1471 4494 supplices
1495 4420 1568 4496 (vv.

377 4531 493 4610 1-3):
526 4531 580 4596 est
609 4527 702 4595 enim
732 4544 852 4608 parum
882 4526 1071 4595 communis
1100 4527 1168 4595 ista
1198 4532 1304 4598 sessio
1330 4537 1367 4600 et
1390 4536 1569 4604 verisimile

410 4801 436 4864 l)
453 4800 512 4850 Post
527 4798 611 4861 βαριῖς
627 4814 672 4864 ego
689 4795 835 4864 interpunni.
