3848 6006
827 1722 1090 1814 ΞΙ-ΙΡΟΣ

906 1958 1017 1996 mim!

740 2108 780 2176 D.
805 2107 841 2175 O.
866 2107 1182 2175 HESSELING.

863 2337 1058 2348 ——-—

413 2494 573 2574 Magnum
607 2491 687 2559 illud
720 2489 935 2559 commodum
968 2489 1055 2573 qrrod
1087 2489 1246 2557 universa
1277 2490 1451 2574 disciplina
1474 2507 1559 2574 quae

364 2615 595 2697 annunciem
626 2614 768 2679 vocatur
789 2629 809 2679 e
830 2611 1004 2678 literarum
1027 2627 1223 2693 graecarum
1246 2613 1369 2679 studiis
1392 2613 1559 2695 percipere

364 2737 604 2818 potestisne
633 2734 772 2800 demum
803 2736 894 2801 recte
924 2736 1125 2813 agnoscetur
1154 2751 1233 2800 cum
1256 2733 1465 2814 singulorum
1489 2749 1559 2799 ver·

365 2858 486 2924 borum
506 2854 760 2924 vicissitudines
778 2854 821 2921 ab
839 2854 990 2937 antiquis
1010 2853 1218 2936 temporibus
1237 2855 1395 2937 usquead
1409 2858 1559 2922 nostram

365 2980 517 3045 aetatem
536 2976 713 3058 diligenter
730 2975 923 3058 exploratae
943 2978 1055 3042 erunt.
1076 2974 1125 3041 Ut
1140 2992 1226 3058 quae
1238 2976 1395 3058 proposui
1406 2976 1560 3059 exemplo

365 3099 607 3174 demonstrem,
630 3114 738 3180 pauca
760 3097 802 3163 de
823 3096 918 3163 vario
941 3096 1035 3162 verbi
1056 3095 1146 3174 ξηροῦ
1169 3115 1234 3164 usu
1257 3113 1424 3180 exponam
1439 3097 1475 3183 1).

413 3220 486 3286 Iam
504 3218 593 3300 apud
612 3218 771 3301 antiquos
791 3217 972 3300 scriptores
990 3232 1126 3298 graecos
1144 3215 1229 3297 ξηρός
1250 3221 1287 3285 et
1306 3220 1438 3301 proprio
1455 3236 1560 3287 sensu

365 3344 405 3408 et
426 3341 590 3408 translato
612 3338 744 3406 dicitur.
769 3338 819 3405 Ut
840 3339 905 3405 alia
928 3338 1095 3424 omittam,
1118 3340 1363 3424 Aristophanes
1382 3340 1417 3406 in
1437 3341 1560 3425 Vespis

366 3459 415 3544 (v.
439 3459 538 3542 1452)
568 3457 695 3538 roseis
726 3455 831 3538 tneor.
865 3459 1003 3542 opponit
1033 3461 1064 3527 ei
1095 3461 1188 3528 vitae
1214 3462 1328 3542 generi
1351 3461 1438 3544 quod
1461 3459 1560 3544 paulo

366 3582 444 3663 post
467 3578 613 3661 τρυφερὸν
636 3579 688 3645 sal
712 3578 860 3658 μαλακόν
884 3579 1040 3664 vocat⁸);
1060 3582 1261 3651 Plutarchus
1281 3582 1465 3668 (Quomodo
1482 3583 1562 3649 adu-

366 3697 462 3776 lator,
483 3698 620 3767 Moralia
637 3701 689 3767 ed.
710 3700 869 3768 Bernard.
889 3701 916 3779 Ι,
936 3718 967 3782 p.
983 3702 1061 3787 120)
1081 3706 1198 3769 monet
1213 3720 1279 3771 non
1292 3704 1561 3772 esseadulatoris

403 3914 428 3977 1)
443 3913 528 3965 laudo
544 3912 662 3964 Osrolum
681 3911 811 3973 Disterich,
828 3928 851 3964 r.
870 3912 902 3973 d,
922 3913 964 3979 qui
977 3913 1004 3963 in
1019 3913 1065 3964 hsc
1078 3913 1266 3978 investigatione
1281 3922 1378 3965 strenue
1391 3915 1490 3965 initium
1505 3916 1563 3965 iecit

367 3994 496 4062 disputem
518 3995 604 4046 eodem
626 3994 657 4045 ds
680 3993 800 4045 socsbnio
822 3999 879 4045 snte
901 4010 993 4060 paucos
1016 4013 1092 4047 snnos
1115 3996 1141 4046 in
1163 3995 1251 4047 Museo
1274 3997 1392 4047 Rhensno
1413 3997 1453 4061 (N.
1471 3998 1494 4047 S.
1511 3997 1562 4058 tr,

369 4094 393 4144 p.
416 4078 484 4140 283).
505 4078 547 4128 sed
569 4093 626 4128 cum
646 4077 672 4127 in
695 4093 740 4126 usu
763 4075 880 4127 hodierno
903 4077 934 4127 sb
959 4077 1060 4144 antiquo
1082 4077 1254 4143 distinguendo
1277 4080 1351 4130 nimis
1371 4086 1487 4145 angustos
1503 4081 1563 4130 dues

368 4161 523 4212 constituisse
538 4176 617 4227 nsque
633 4161 660 4210 iu
677 4159 702 4211 ri
719 4159 847 4210 verborum
865 4159 1001 4209 definienda
1018 4176 1114 4226 semper
1130 4177 1213 4211 verum
1230 4162 1320 4212 vidisse
1336 4163 1457 4222 sidentur,
1475 4178 1563 4228 operes

369 4244 475 4311 pretium
503 4242 562 4293 duxi
592 4258 643 4293 rem
675 4247 815 4292 rstrsctsre.
845 4241 929 4292 Mults
953 4242 1065 4308 erempls
1090 4259 1103 4293 e
1128 4243 1286 4310 scriptoribus
1310 4245 1451 4295 recentioris
1475 4244 1564 4295 aetatis

369 4328 498 4392 desumpts
521 4325 609 4387 sdieci,
631 4342 644 4376 e
665 4325 758 4389 linguis
779 4324 912 4376 neolstinis
929 4341 958 4375 es
975 4331 1073 4377 tentum
1090 4326 1178 4392 quibus
1194 4327 1342 4393 ecmpsrstis
1359 4327 1563 4393 significstionum

369 4411 488 4463 tressitus
505 4409 593 4460 melius
610 4408 715 4475 perspici
731 4413 840 4475 possunt.

403 4494 433 4559 2)
457 4492 550 4543 Eodem
580 4494 681 4541 tortasse
706 4507 778 4541 sensu
804 4490 878 4541 horno
903 4504 1000 4541 severus
1023 4497 1049 4541 st
1070 4507 1181 4542 morosus
1205 4491 1230 4542 in
1248 4492 1398 4558 Antiphonie
1415 4492 1565 4543 Athsmsute

370 4575 468 4640 (Pollux
484 4575 572 4626 Ouum.
582 4575 622 4634 10,
632 4574 675 4636 02)
685 4575 754 4640 ξηρός
766 4572 949 4640 eppeilsbsturs
960 4571 1088 4636 χλαμύδα
1096 4572 1140 4623 sesi
1148 4575 1248 4637 λόγχην
1256 4573 1324 4638 ’έχων
1338 4575 1344 4643 Ι
1359 4574 1565 4641 &foraminatos

370 4659 448 4725 ξηρός.
464 4655 647 4716 adsensimus.
671 4657 701 4707 V.
718 4672 739 4707 e.
763 4655 939 4706 Hersrerdenus
960 4657 1081 4721 (Append.
1099 4656 1172 4706 leriei
1189 4673 1224 4722 gr.
1243 4657 1349 4723 supplet.
1367 4675 1391 4724 p.
1411 4659 1472 4722 151)
1495 4662 1567 4722 putet

368 4741 535 4807 Antiphantem
557 4739 622 4791 irent
646 4754 729 4791 rocem
756 4738 911 4804 mnrpsuisse
936 4753 980 4803 pro
1003 4735 1143 4802 αὐχμηρός,
1159 4737 1204 4789 οὐκ
1220 4738 1400 4801 ἀληλιμμένος,
1417 4741 1459 4790 sed
1477 4741 1567 4789 frustre

367 4823 431 4874 siios
448 4822 557 4890 quaesivi
574 4822 640 4872 ioeos
657 4822 700 4872 ubi
718 4821 787 4888 ξηρός
804 4837 859 4871 esm
878 4819 928 4870 sim
947 4820 1056 4871 heberet.

1437 4919 1467 4968 lo
