3848 6006
955 836 977 900 9

365 1014 414 1080 At
442 1018 563 1082 contra
593 1017 754 1084 novimus
783 1017 946 1100 pristinas
977 1018 1085 1085 dualis
1115 1019 1241 1086 formas
1265 1019 1461 1102 saepissime
1484 1036 1558 1087 esse

364 1139 541 1219 corruptas
571 1138 607 1204 in
638 1139 815 1206 codicibus.
847 1139 977 1206 Suadeo
1005 1141 1117 1221 igitur,
1141 1144 1181 1206 ut
1203 1145 1239 1208 et
1260 1142 1349 1223 apud
1372 1141 1558 1208 Homerum

364 1259 401 1323 et
422 1258 510 1339 apud
534 1259 674 1343 Anyten
697 1260 843 1328 laudatis
865 1261 1020 1329 versibus
1041 1261 1193 1343 legamus
1216 1262 1360 1330 formam
1383 1261 1478 1341 φίλα.

411 1383 558 1450 Transeo
584 1383 626 1450 ad
657 1386 793 1468 Anytes
823 1385 1075 1467 epigrammatis
1102 1388 1233 1467 partem
1257 1385 1410 1468 alteram,
1434 1385 1469 1450 in
1493 1403 1559 1468 qua

366 1503 485 1571 multis
525 1504 708 1571 editoribus
749 1505 920 1588 displicuit
963 1508 1090 1574 tradita
1132 1507 1232 1574 lectio
1274 1506 1405 1583 μέλας
1441 1506 1558 1575 t'....

366 1623 536 1697 κυάνεος
570 1622 718 1705 θάνατος,
749 1628 835 1709 quod
866 1628 951 1695 falso
973 1626 1018 1694 ilii
1042 1629 1268 1711 opinabantur
1291 1647 1369 1696 cum
1394 1647 1461 1696 uno
1485 1631 1559 1697 sub·

366 1749 519 1815 stantivo
552 1749 709 1830 coniungi
733 1766 800 1815 non
823 1767 921 1832 posse
944 1750 1009 1817 duo
1032 1751 1210 1818 adiectiva.
1234 1752 1361 1834 Quibus
1385 1753 1560 1819 decausis

366 1871 574 1938 sollicitanda
598 1889 665 1938 non
684 1875 802 1939 essent
821 1874 924 1940 verba
943 1870 1067 1944 κυάνοιο
1089 1870 1225 1946 θάνατος
1246 1876 1386 1958 exposui
1404 1876 1440 1941 in
1459 1875 1560 1959 speci·

366 1995 458 2060 mine
471 1990 504 2078 ¹),
525 1995 583 2060 sed
599 1994 796 2061 dubitabam
814 1996 1007 2078 etiamtum,
1021 2013 1104 2062 num
1117 2001 1206 2064 recte
1218 2013 1255 2062 se
1267 1998 1404 2064 haberet
1416 1997 1560 2065 alterum

365 2116 580 2182 adiectivum.
604 2116 727 2199 Scripsi
750 2118 856 2184 enirn:
883 2118 1020 2184 omnino
1044 2135 1110 2184 non
1134 2118 1260 2194 dubito,
1285 2119 1367 2201 quin
1386 2118 1561 2185 retinenda

365 2238 413 2303 sit
443 2236 542 2305 lectio
574 2236 697 2310 κυάνεος
721 2233 871 2321 θάνατοι,
895 2239 1026 2305 sivein
1050 2240 1260 2322 praecedenti
1284 2256 1384 2306 versu
1408 2240 1560 2320 legamus

365 2357 479 2438 μέλας,
513 2359 586 2426 sive
617 2377 695 2427 curn
726 2360 984 2428 Stadtmuellero
1015 2358 1115 2443 νέφος,
1149 2362 1222 2428 sive
1244 2365 1395 2444 praestet
1417 2362 1561 2428 scribere

365 2477 479 2559 μέλαν,
516 2483 557 2546 ut
591 2486 727 2564 propter
761 2499 906 2565 sequens
942 2484 1084 2550 verbum
1115 2481 1270 2547 καλύκοει
1303 2483 1483 2564 proieptiee
1512 2483 1561 2549 sic

366 2602 552 2687 appelletur
565 2604 782 2670 moribundae
793 2603 920 2671 oculus.
930 2604 1036 2670 Hodie
1049 2609 1165 2671 autem
1177 2605 1260 2670 mihi
1272 2607 1407 2671 constat
1419 2605 1561 2670 formam

366 2722 469 2801 μὲλαο
503 2742 571 2791 non
606 2725 715 2806 magis
748 2743 851 2809 quam
887 2722 1012 2798 κυάνεος
1047 2745 1121 2793 esse
1155 2727 1367 2793 mutandam.
1399 2725 1563 2807 Respexit

368 2848 460 2914 enirn
482 2851 600 2915 nostra
623 2865 744 2915 versus
766 2849 969 2931 Homericos,
995 2849 1110 2931 quales
1133 2851 1217 2915 sunt
1239 2848 1292 2914 bi:

368 2970 473 3038 0d.V
496 2970 574 3036 353.
598 2965 705 3049 αἰθυίῃ
729 2969 852 3035 itania·
876 2969 1009 3046 μέλαν
1031 2969 1071 3036 δέ
1095 2970 1108 3034 ἑ
1129 2974 1215 3048 κῦμα
1239 2970 1437 3051 κάλυψεν.

368 3092 406 3158 Il.
420 3092 542 3158 XXIII
555 3092 631 3158 693.
651 3087 714 3156 bb’
739 3091 769 3156 ἐν
793 3091 962 3172 φυκιόεντι,
985 3091 1118 3168 με’λοον
1149 3089 1188 3156 tl
1216 3090 1339 3167 ἓκῡμοο
1364 3088 1561 3173 κάλυψεν.

368 3213 427 3280 Od.
440 3213 489 3282 IV
504 3214 577 3281 180.
593 3212 661 3295 πρίν
673 3212 707 3292 γ’
720 3209 770 3278 ὅτε
785 3211 819 3288 tt
831 3209 980 3278 θανάτοιο
998 3211 1132 3290 μέλαν
1149 3212 1239 3293 νέφος
1261 3212 1353 3293 ὶμφε
1363 3211 1561 3292 κάλυψον.

369 3336 490 3404 0d.1V
502 3338 579 3402 402.
604 3344 691 3418 πνοιῇ
716 3332 774 3401 ὕπο
796 3336 942 3418 Ζεφύροιο
966 3337 1144 3417 μελαίνῃ
1167 3335 1254 3417 φρικὶ
1279 3331 1528 3418 καλυφθείς,

368 3459 492 3541 quibus
522 3459 557 3524 in
591 3460 744 3526 versibus
767 3459 971 3527 adiectivum
995 3458 1096 3536 μέλας
1121 3475 1253 3540 semper
1276 3459 1403 3526 attinet
1426 3458 1467 3525 ad
1488 3459 1564 3525 sub·

370 3581 495 3648 lectum
519 3580 957 3663 vetustissimusque
981 3600 1047 3648 non
1072 3583 1140 3648 iarn
1164 3581 1309 3648 dubitari
1334 3584 1456 3665 potest,
1481 3581 1562 3664 quin

370 3703 537 3770 servanda
560 3705 607 3770 sit
628 3704 754 3771 tradita
776 3703 889 3770 lectio:
911 3700 1043 3779 μέλους
1067 3701 1094 3769 δ’
1119 3702 1191 3779 ἐμὸν
1214 3700 1304 3779 ὄμμα
1328 3701 1483 3767 καλύπτει
1509 3699 1562 3777 ἤδη

370 3820 596 3905 aroannam
620 3824 792 3897 κυάνεος
816 3819 1009 3894 θάνατος.

416 3948 509 4030 Quod
540 3946 691 4030 pluribus
723 3947 835 4014 verbis
864 3945 1007 4012 disserui
1038 3947 1079 4012 de
1106 3963 1173 4012 uno
1196 3946 1447 4030 epigrammate,
1471 3946 1505 4013 id
1528 3945 1563 4012 in

371 4070 569 4136 universum
593 4069 685 4135 valet
707 4070 749 4135 de
770 4069 936 4145 omnibus,
959 4085 1045 4150 quae
1068 4072 1261 4151 supersunt,
1282 4068 1428 4150 poetriae
1447 4067 1563 4135 carmi-

371 4193 481 4259 nibus.
510 4194 549 4258 In
573 4189 662 4257 nullo
685 4191 808 4256 desunt
828 4207 927 4256 voces
949 4190 1200 4272 locutionesque
1224 4190 1438 4272 Homericam
1462 4192 1564 4271 atque

372 4313 452 4380 adeo
486 4313 593 4379 maior
629 4330 708 4395 pars
743 4316 901 4378 versatur
928 4313 963 4378 in
994 4311 1037 4377 iis
1066 4312 1286 4391 argumentis,
1319 4327 1405 4393 quae
1436 4312 1504 4377 iam
1528 4310 1564 4376 in

372 4435 464 4518 epica
487 4435 579 4517 poesi
602 4436 701 4500 erant
724 4438 881 4501 tractata.
906 4434 1050 4515 Antiqui
1074 4433 1187 4513 igitur,
1210 4436 1246 4497 et
1268 4432 1333 4515 ipsi
1356 4431 1478 4498 imbuti
1497 4448 1565 4497 car·

373 4556 520 4622 minibus
545 4555 658 4638 epicis,
684 4572 761 4623 cum
784 4555 934 4636 legentes
958 4557 1092 4638 Anytes
1114 4553 1359 4635 epigrammata
1383 4552 1565 4619 identidem

406 4811 432 4873 1)
448 4825 521 4876 pegg.
539 4808 680 4860 143-146.
