3848 6006
1087 805 1151 897 roa

521 1004 658 1056 necesse
676 1005 752 1055 esse
770 989 990 1070 antequama
1004 987 1129 1072 Pythia
1143 984 1348 1055 laudaretur.
1365 986 1593 1079 Negatigitur
1607 986 1723 1055 ulium

520 1108 685 1176 eiusmodi
720 1107 893 1177 oraculum
926 1108 1057 1192 editum
1091 1108 1206 1176 luisse.
1225 1163 1229 1177 .
1246 1107 1312 1179 At.
1328 1108 1419 1192 apud
1450 1109 1724 1195 Xenophontem

521 1248 651 1315 qnoque
684 1202 795 1298 huius⁸
820 1229 945 1298 oraculi
979 1230 1118 1308 mentio,
1153 1229 1303 1313 paullum
1336 1228 1473 1312 quidem
1505 1230 1723 1299 variantibus

522 1353 652 1420 verbis:
683 1353 728 1420 ibi
759 1352 906 1436 Apollini
937 1353 1093 1420 Socrates
1117 1352 1214 1420 audit
1237 1347 1503 1432 ἐλευθεριώτατος·
1519 1350 1722 1425 δικαιότατος

521 1470 771 1554 σωφρονέστατος
792 1479 821 1554 (g
837 1475 903 1554 14),
926 1491 993 1541 non
1017 1470 1128 1541 solnm
1148 1471 1329 1555 σοφώτατος
1353 1473 1721 1557 utapro-Platonem·

522 1595 613 1678 Quae
635 1599 752 1664 antem
775 1596 923 1664 rationes
944 1597 1200 1664 intercesserint
1219 1596 1310 1664 inter
1327 1595 1499 1675 oraculum
1517 1595 1722 1679 Delphicum

522 1719 559 1782 et
577 1716 748 1785 Socratem
768 1718 1027 1801 Socraticosque,
1047 1717 1211 1802 Apollinis
1232 1717 1389 1800 cultores,
1413 1722 1625 1801 compertum
1647 1735 1721 1785 non

521 1842 586 1923 est,
616 1840 774 1923 quamvis
804 1840 969 1923 suspicari
995 1839 1160 1922 quamam
1182 1840 1292 1908 liceat.
1316 1842 1483 1906 Attamen
1505 1839 1608 1907 altius
1630 1841 1723 1922 cogi·

524 1961 612 2049 tanti
644 1961 726 2028 mihi
752 1979 883 2045 quoque
905 1961 1046 2028 dubium
1068 1960 1110 2027 (le
1132 1961 1291 2029 historica
1313 1960 1379 2028 ilde
1401 1959 1490 2029 illius
1513 1962 1722 2031 narrationis

522 2085 643 2149 natum
676 2087 741 2150 est.
773 2083 991 2152 Memineram
1021 2082 1181 2150 historiae
1208 2083 1299 2167 apud
1329 2080 1503 2153 Laertiurn
1533 2081 1721 2165 Diogenem

522 2202 539 2269 1
562 2202 696 2269 28-33
720 2204 864 2271 traditae
884 2203 926 2271 de
949 2203 1078 2285 tripode
1101 2202 1143 2283 τῷ
1167 2201 1339 2284 σοφωτάτῳ
1361 2203 1533 2271 destinato
1550 2202 1722 2287 Apollinis

521 2323 662 2409 oraculo,
694 2325 750 2409 qui
779 2342 838 2407 per
861 2325 926 2392 Vll
949 2325 1240 2409 sapientes-initio
1262 2325 1352 2395 iacto
1375 2343 1396 2392 a
1419 2325 1558 2397 Thalete
1577 2325 1722 2399 circum·

522 2446 649 2512 missus
671 2450 842 2530 postremo
863 2447 905 2514 ad
927 2447 1101 2523 Thaletem
1121 2447 1211 2514 redit
1228 2447 1271 2516 ab
1289 2464 1394 2530 eoque
1413 2445 1560 2530 Apollini
1573 2449 1620 2519 ‚nt
1637 2463 1722 2515 vere

521 2567 772 2650 sapientissimo
802 2569 985 2636 dedicatur.
1017 2569 1109 2653 Quod
1139 2569 1221 2636 haec
1247 2569 1363 2636 tabula
1387 2568 1492 2654 docet
1517 2567 1605 2635 idem
1625 2568 1721 2652 apud

521 2686 697 2756 Platonem
727 2690 783 2767 (23
799 2691 841 2774 Β)
870 2689 1025 2758 Socrates
1054 2708 1098 2757 ex
1126 2689 1259 2757 oraculo
1290 2690 1331 2757 de
1362 2706 1400 2757 se
1415 2687 1520 2766 ¹edito
1541 2689 1647 2769 etheit
1670 2683 1721 2766 lu

520 2804 608 2882 οὗτος
639 2809 731 2890 ὑμῶν,
762 2805 972 2891 trabeam,
995 2810 1178 2893 σοφώτατος
1202 2810 1295 2891 ἔστιν,
1318 2805 1402 2883 ὅστις
1425 2807 1526 2890 ὥσπερ
1550 2807 1720 2891 Sondrae

521 2928 663 3011 ἔγνωκεν,
691 2927 738 2997 ὅτε
765 2930 880 3004 οὐδενὸς
912 2930 997 3008 birds
1022 2932 1095 3014 lert
1111 2941 1150 3016 τῇ
1174 2929 1313 3017 ἀληθείᾳ
1336 2934 1409 3016 apte
1433 2930 1559 3013 σοφίαν.
1591 2932 1723 3000 Exstat

520 3054 745 3137 Hipponactis
763 3054 988 3135 fragmentum
1010 3055 1069 3140 (th
1087 3055 1213 3141 Bergk)
1232 3073 1276 3122 ex
1295 3054 1430 3123 Laertio
1448 3053 1596 3138 Diogene
1612 3054 1631 3121 I
1651 3055 1720 3126 107

521 3176 563 3242 ci.
589 3174 604 3242 Ι
627 3176 671 3241 30
700 3173 752 3240 nal
777 3175 891 3242 Μύσων
916 3167 947 3241 ir
970 3175 1116 3242 ὥτδλλονν
1137 3185 1142 3252 Ι
1164 3174 1306 3243 Ἀνεῖτεν
1329 3174 1442 3256 dolebo
1466 3174 1721 3257 σωφρονέστατον

522 3294 656 3362 πάντων.
681 3297 779 3365 Unde
801 3299 948 3380 suspicio
971 3299 1122 3366 nascitur
1143 3317 1165 3365 a
1185 3298 1326 3383 Mysone
1343 3298 1398 3367 vel
1420 3296 1485 3369 alio
1503 3315 1569 3381 qno
1587 3314 1632 3365 ex
1650 3294 1721 3366 VH

522 3419 730 3502 sapientibus
752 3420 794 3487 ad
819 3420 992 3488 Socratem
1016 3419 1103 3487 hano
1123 3419 1351 3487 narrationem
1368 3437 1390 3487 a
1408 3418 1588 3492 Socraticis
1607 3422 1722 3499 trans·

520 3541 627 3608 latam
648 3558 733 3609 esse.
1526 3612 1530 3619 .

567 3661 742 3731 Postremo
772 3663 903 3732 Schanz
934 3664 1071 3732 initium
1102 3663 1270 3731 secundm
1300 3661 1408 3746 partis
1436 3661 1627 3748 Apologiae,
1650 3680 1721 3747 quo

523 3801 647 3869 poenae
680 3785 750 3854 loco
781 3783 934 3853 Socrates
964 3785 1020 3861 riso
1048 3783 1079 3848 ἕν
1110 3783 1281 3866 πρυτανείῳ
1312 3784 1432 3859 οἰτνονν
1461 3784 1527 3851 sibi
1556 3783 1720 3869 postulat,

522 3910 699 3989 tamqnam
730 3907 899 3991 improbae
929 3907 1095 3975 adversus
1125 3905 1251 3974 iudices
1281 3907 1512 3974 contumaciae
1537 3905 1721 3976 aSocrate

522 4028 679 4095 historico
708 4029 856 4095 alienum
887 4029 991 4096 ducit.
1022 4029 1067 4095 Et
1097 4028 1255 4111 quamvis
1279 4046 1345 4095 non
1370 4031 1461 4095 recte
1483 4025 1593 4095 locum
1616 4027 1721 4112 expli·

522 4149 660 4232 caverit,
685 4166 784 4232 quem
808 4167 877 4216 non
901 4150 1066 4233 prompsit
1087 4149 1227 4218 audacia
1249 4149 1308 4217 seri
1326 4154 1487 4216 constans
1506 4147 1570 4216 sibi
1588 4147 1721 4217 ratioci-

522 4270 625 4355 natio,
645 4271 727 4337 beoe
743 4274 859 4337 tamen
875 4272 1007 4337 monuit
1021 4271 1110 4354 apud
1122 4271 1384 4353 Xenophontem
1397 4269 1570 4338 Socratem
1580 4268 1721 4338 omnino

522 4408 676 4459 recusare
705 4409 848 4474 poenam
879 4393 914 4458 in
939 4409 976 4459 se
999 4395 1161 4459 statume.
1187 4392 1236 4459 Ut
1259 4395 1377 4459 autem
1401 4409 1504 4474 snpra
1526 4390 1562 4456 in
1585 4390 1721 4459 oraculo

521 4512 747 4595 antiquiorem
776 4513 927 4580 eiusdem
959 4513 1007 4580 rei
1035 4514 1264 4581 narrationem
1286 4512 1566 4596 deprehendimus
1588 4511 1623 4577 in
1648 4528 1723 4578 ver·

522 4635 617 4702 sibus
646 4633 876 4717 Hipponactis,
907 4632 955 4699 sic
986 4631 1048 4698 hac
1076 4631 1111 4697 in
1135 4648 1171 4697 re
1195 4630 1333 4697 mirifice
1356 4628 1576 4696 consentiunt
1598 4644 1722 4696 versos

523 4755 745 4838 Xenophanis
769 4756 845 4840 (frg.
870 4757 890 4822 2
914 4752 1036 4835 Bergk)
1060 4771 1105 4820 ox
1127 4752 1251 4836 quibus
1273 4751 1437 4835 quosdam
1460 4749 1642 4833 exscnpsi:
