4144 6154
856 947 924 1015 389

292 1131 335 1200 ad
366 1133 574 1200 sententiam
603 1133 809 1216 propositam
841 1133 989 1200 maxime
1011 1132 1178 1216 pertinere
1201 1129 1369 1213 videntur,
1395 1146 1485 1198 nunc

293 1253 409 1320 ordine
431 1253 606 1320 disseram.

337 1374 365 1442 1.
389 1375 571 1457 Quinam
590 1374 753 1443 fuerint
771 1378 1000 1460 praetores
1019 1372 1480 1443 atoocondomnatt-

293 1498 420 1563 Aetate
448 1497 531 1564 anni
554 1498 621 1564 406
651 1516 683 1564 a.
707 1497 755 1576 0..
784 1499 828 1564 ab
849 1500 997 1565 exeunte
1019 1513 1136 1564 mense
1159 1495 1247 1562 Maio
1269 1493 1322 1562 vel
1345 1493 1486 1560 ineunte

294 1617 400 1703 iunio,
432 1619 560 1699 conon,
589 1621 723 1702 praetor
752 1619 981 1700 Atheniensis,
1005 1635 1082 1686 cum
1106 1617 1213 1684 classe
1236 1615 1417 1701 Mytilenae
1438 1614 1486 1681 in·

293 1737 419 1824 clusus,
451 1741 667 1809 obsidebatur
688 1759 710 1809 n
732 1741 951 1826 Oalhcratidc,
976 1741 1143 1825 praelecto
1166 1739 1286 1806 classis
1309 1737 1485 1822 Spartano,

294 1864 339 1944 et,
370 1862 428 1945 qui
457 1861 522 1930 sub
552 1879 592 1930 eo
621 1863 832 1946 pedestribus
854 1864 1019 1931 sociorum
1042 1862 1145 1946 copiis
1168 1877 1323 1944 praeesse
1346 1857 1486 1935 solebat,

294 1982 462 2052 Eteonioo.
487 1985 573 2052 cum
594 1983 727 2052 Conone
750 1987 848 2051 erant
872 1984 937 2052 duo
959 1983 1015 2050 alii
1038 1985 1219 2066 praetores,
1240 1997 1324 2064 quos
1342 1977 1486 2046 Erasini·

293 2102 370 2172 dem
392 2105 615 2172 6116611611
639 2106 744 2173 trisse
767 2105 885 2174 scribit
907 2104 1095 2187 Xenophon
1118 2103 1215 2183 (Heli.
1242 2102 1402 2180 1.6.16);
1426 2099 1485 2167 sed

293 2227 329 2293 in
351 2244 392 2295 ea
414 2245 460 2313 re,
492 2231 661 2312 quantum
683 2229 725 2295 ad
749 2228 912 2296 Leontem
935 2227 1092 2311 pertinet,
1117 2225 1379 2307 Xenophontem
1401 2223 1486 2291 iuvi·

294 2353 372 2417 tum
404 2368 425 2416 a
456 2366 537 2417 vero
566 2350 786 2434 aberravisse,
818 2366 885 2416 non
918 2348 1081 2432 estquod
1104 2350 1256 2414 statuere
1278 2345 1485 2414 dubitemus.

293 2469 384 2538 Leon
407 2474 543 2554 praetor
564 2471 677 2538 suerat
699 2471 835 2553 quidem
857 2487 947 2538 anno
969 2471 1155 2553 superiora
1181 2484 1261 2535 eum
1283 2467 1374 2534 inter
1395 2483 1487 2551 prae»

293 2598 384 2660 tores
415 2611 494 2660 vere
525 2594 598 2660 eius
627 2594 709 2659 anni
740 2594 804 2660 407
838 2592 986 2660 Athenis
1016 2594 1147 2658 creatos
1177 2595 1269 2658 recte
1292 2589 1486 2657 numeravit

293 2713 483 2798 Xenophon
514 2713 600 2779 Hell.
634 2715 664 2780 1.
678 2714 708 2779 b.
723 2715 783 2796 16;
814 2713 947 2780 Diodori
970 2730 1030 2797 pro
1051 2712 1178 2779 Leonte
1200 2710 1340 2797 Lysiam
1363 2711 1487 2779 substi-

293 2835 425 2901 tuentis
455 2834 521 2912 (13.
537 2835 591 2903 74.
607 2836 637 2912 1)
671 2851 738 2901 non
770 2837 870 2901 tanta
901 2835 985 2902 fides
1016 2839 1080 2916 est,
1111 2851 1190 2901 cum
1221 2833 1419 2917 praesertim
1449 2833 1486 2900 in

294 2957 488 3024 nominibus
511 2956 653 3038 propriis
671 2957 869 3023 creberrime
887 2957 918 3022 is
936 2961 1034 3041 erret,
1056 2958 1097 3022 ut
1116 2957 1150 3023 in
1171 2955 1231 3022 lali
1250 2971 1286 3022 re
1304 2955 1487 3037 quidquam

293 3080 324 3145 ei
355 3080 548 3146 tribuamus
571 3082 690 3144 contra
712 3077 985 3160 Xenophontem.
1009 3077 1071 3144 Sed
1096 3094 1127 3144 a.
1151 3077 1217 3144 406
1240 3077 1329 3143 Leon
1354 3080 1488 3160 praetor

295 3217 362 3266 non
397 3199 479 3281 iuit;
515 3216 594 3265 cum
625 3197 742 3280 reliqui
772 3215 895 3266 novem
926 3215 1044 3265 omues
1075 3197 1302 3275 redderentur,
1335 3199 1365 3264 is
1395 3196 1486 3266 eolus

294 3321 440 3387 reiectus
464 3337 531 3386 non
555 3323 627 3402 est3
650 3319 742 3386 cives
765 3323 842 3386 tum
865 3319 1015 3404 Lysiam,
1038 3321 1096 3403 qui
1118 3337 1149 3387 a.
1173 3321 1239 3388 407
1264 3323 1397 3404 praetor
1420 3337 1486 3386 non

293 3440 414 3525 lueret,
444 3441 481 3506 in
510 3441 584 3507 eius
614 3440 724 3508 locum
752 3439 917 3522 legerunt.
948 3443 1067 3525 Itaque
1093 3442 1180 3524 quod
1204 3442 1277 3509 viro
1299 3440 1487 3509 clarissimo

293 3561 427 3629 Eduard
462 3560 577 3646 Meyer
610 3562 741 3640 (Gesch.
775 3563 807 3629 d.
842 3562 913 3630 Alb.
945 3567 965 3629 4
998 3579 1072 3646 pag.
1105 3564 1183 3643 644)
1217 3564 1346 3647 plecere
1379 3563 1486 3642 video,

293 3686 465 3764 praetores
486 3701 576 3749 anno
599 3685 665 3750 406
689 3685 826 3751 omnino
850 3689 981 3752 creatos
1003 3702 1072 3751 non
1090 3701 1175 3770 esse,
1199 3689 1236 3752 et
1257 3701 1375 3752 omnes
1396 3689 1487 3751 vete

293 3821 348 3871 res
378 3810 550 3887 praetores
580 3805 654 3871 sive
683 3806 823 3887 imperio
854 3822 912 3890 per
941 3807 1179 3889 populiscitum
1211 3811 1386 3888 prorogato
1414 3807 1488 3873 sive

293 3925 428 3993 silentio
458 3926 495 3992 in
525 3925 681 4020 imperio¹
697 3925 840 4010 rehctos,
873 3927 1112 4008 magistratum
1142 3943 1181 3993 6ο
1202 3944 1292 3993 anno
1316 3927 1489 3996 continua

293 4048 385 4114 vissa
417 4084 447 4094 -
475 4048 562 4130 quod
592 4048 662 4114 iam
685 4065 745 4130 per
766 4065 803 4114 se
825 4066 945 4131 parum
969 4047 1122 4115 credibile
1142 4065 1217 4115 esse
1241 4049 1385 4124 videtur,
1409 4066 1488 4116 cum

294 4187 363 4235 non
384 4167 494 4236 solum
516 4167 679 4251 quomodo
701 4169 735 4235 id
754 4169 920 4251 perleges
939 4169 1010 4236 deri
1028 4169 1171 4247 licuerit,
1191 4169 1249 4235 sed
1268 4169 1384 4246 etiam,
1403 4187 1489 4252 quae

294 4290 431 4356 tandem
466 4291 540 4356 eius
570 4292 618 4357 rei
648 4290 781 4357 utilitas
811 4307 886 4357 esse
917 4291 1075 4372 potuerit,
1108 4289 1235 4357 frustra
1265 4305 1377 4370 roges;
1408 4307 1488 4358 nam

293 4411 430 4478 etiamsi
464 4427 572 4478 novos
605 4411 759 4477 homines
792 4412 829 4478 in
859 4412 1039 4493 imperium
1069 4413 1206 4478 mittere
1236 4428 1303 4478 nou
1326 4411 1489 4494 placebat,

294 4537 409 4600 tamen
433 4532 516 4599 nihil
538 4533 708 4600 attinebat
729 4533 771 4599 ob
793 4548 869 4599 eam
892 4550 1030 4600 causam
1053 4533 1200 4600 comitiis
1222 4531 1436 4614 supersedere
1454 4535 1491 4598 et

293 4656 452 4721 veterum
485 4656 548 4722 aut
581 4653 780 4736 populiscitu
814 4658 877 4721 eut
911 4654 1046 4722 siIentio
1084 4670 1260 4738 prorogare
1298 4653 1490 4738 imperium,

293 4775 374 4858 quia
406 4775 523 4842 eadem
559 4775 627 4842 iere
657 4791 758 4856 opera
788 4775 924 4842 eosdem
954 4777 1079 4844 iterum
1111 4793 1222 4844 creare
1244 4777 1367 4846 licebat
1391 4811 1433 4826 -
1457 4776 1490 4844 id

296 4897 383 4963 hanc
417 4894 572 4976 inprimis
604 4894 647 4961 ob
676 4912 812 4961 causam
846 4913 967 4977 parum
998 4896 1206 4978 probandum
1235 4915 1310 4965 esse
1341 4901 1491 4981 apparet,
