3848 6006
962 832 1029 900 240

395 1013 546 1080 adhibila
564 1013 645 1080 nihil
665 1014 699 1079 in
720 1031 821 1080 versu
841 1012 954 1081 inesse
969 1015 1540 1099 putoquodquemquumoilendat.
1560 1017 1599 1084 Si

395 1154 454 1219 pro
473 1136 631 1201 κκκοῐσ’
652 1134 742 1200 lul
761 1134 942 1217 legerimus
957 1133 1074 1202 κκκοὶ
1088 1133 1144 1216 dc,
1160 1137 1275 1205 omnia
1294 1141 1384 1205 recte
1399 1138 1598 1221 procedent

395 1257 479 1339 Quid
509 1273 655 1324 errorem
686 1256 848 1323 meaverit
872 1260 1029 1340 apertum
1052 1261 1124 1325 est:
1148 1275 1226 1325 unm
1251 1257 1338 1323 κκκολ
1360 1256 1398 1329 ric
1423 1259 1459 1326 in
1484 1266 1597 1332 κακοῖο

393 1379 529 1463 abisset,
561 1394 699 1445 neeesse
728 1381 803 1445 erat
833 1378 1013 1447 subvenire
1036 1384 1146 1447 metro
1169 1380 1381 1448 claudicanti.
1405 1381 1489 1447 otti
1511 1379 1595 1447 lom

393 1500 495 1568 simili
518 1500 616 1567 modo
638 1500 786 1583 positum
809 1490 964 1568 invenias
987 1506 1015 1582 φ
1037 1501 1115 1580 322,
1140 1509 1167 1567 v
1192 1501 1269 1568 436.

437 1729 562 1796 Eodem
595 1728 678 1796 libro
713 1746 814 1796 versu
849 1730 915 1799 627
949 1729 1207 1798 substantivum
1243 1737 1321 1811 κοῖα
1356 1746 1456 1800 nemo
1488 1732 1594 1800 inter·

391 1850 515 1933 proteri
539 1851 651 1934 potuit
673 1867 781 1934 neque
798 1850 894 1919 oredo
913 1853 1092 1934 quisquam
1112 1851 1327 1936 interpretari
1346 1853 1481 1935 poterit.
1493 1853 1592 1937 Quod

391 1974 562 2041 Duentner
591 1973 711 2051 suasit,
742 1990 948 2056 quamquam
981 1972 1172 2040 sententiae
1199 1972 1378 2057 satisfacit,
1404 1972 1592 2043 violentius

391 2094 536 2161 videtur.
566 2093 667 2161 Haud
698 2093 766 2161 seio
796 2111 841 2161 an
870 2091 980 2160 lenius
1010 2093 1215 2161 rescribetur
1244 2093 1279 2159 oi
1302 2092 1366 2174 γὰρ
1389 2092 1433 2159 lr'
1458 2093 1592 2171 ἕκσελοὶ

390 2215 460 2299 olo,
495 2216 599 2296 φίλος,
630 2214 732 2287 altre.
766 2214 913 2283 Versum
945 2221 975 2280 N
1008 2214 1073 2281 512
1104 2215 1292 2299 ascriptum
1321 2232 1461 2285 esumm
1482 2216 1591 2287 misse

388 2338 595 2421 corruptelae
617 2338 776 2421 suspicor.

435 2559 471 2617 Ω
495 2551 562 2618 349
596 2541 624 2616 οἳ
646 2549 674 2615 δ’
698 2549 765 2615 lul
789 2546 838 2617 οὖν
863 2548 953 2629 ulra
976 2555 1067 2627 σοῑμοο
1089 2546 1191 2633 rapi}
1208 2552 1304 2617 Ἷλοοο
1323 2549 1474 2619 ἔλασσον.

432 2672 560 2739 Hiatus
581 2671 672 2739 inter
687 2669 780 2737 Ἴλοιο
799 2676 835 2739 et
854 2669 992 2737 traam
1011 2672 1093 2740 nihil
1104 2673 1207 2741 babet
1218 2690 1284 2757 quo
1295 2677 1488 2742 excusetur.
1500 2675 1587 2744 Mihi

388 2793 422 2860 in
455 2796 603 2861 mentem
636 2794 732 2860 venit
763 2794 857 2861 verbi
881 2792 1023 2870 έλίοσκκ,
1047 2794 1136 2878 quod
1158 2795 1285 2863 omisso
1308 2796 1437 2864 obiecto
1460 2795 1590 2879 legitur

387 2924 418 2980 Ψ
441 2915 509 2982 309
528 2913 595 2995 περὶ
615 2912 744 2993 κίρκοιο
764 2914 926 2992 ἑλισσέμεν
945 2915 1070 2996 (Bentl.
1089 2913 1189 2995 τέρμα
1208 2919 1296 2999 rea),
1316 2933 1375 2999 pro
1394 2934 1460 3000 qno
1479 2934 1587 2986 versu

387 3038 454 3102 466
477 3037 640 3103 habemus
662 3029 696 3101 οὔ
719 3033 856 3116 exsilui
876 3036 944 3119 περὶ
963 3036 1074 3115 τέρμα.
1095 3036 1188 3120 Quod
1208 3037 1351 3105 verbum
1369 3037 1412 3106 ab
1430 3037 1492 3104 hoc
1512 3038 1587 3107 1000

387 3175 453 3224 non
488 3157 635 3224 alienum
668 3174 745 3225 esse
775 3158 917 3243 videtur,
949 3176 1016 3242 qua
1038 3175 1075 3226 re
1098 3158 1336 3242 temptaverim
1357 3156 1453 3223 Ἴλοιο
1472 3154 1586 3238 lauza»

386 3279 501 3358 (Ἑίλοοο
524 3276 669 3358 vitreae).

430 3476 446 3542 δ
470 3478 534 3544 841
719 3473 757 3548 ὥς
783 3477 808 3543 ol
834 3476 959 3557 luente
982 3475 1088 3559 ὅκεοοοο
1113 3476 1274 3545 ἐπέσσυτο.

425 3602 563 3679 Ὄκκοροκ
596 3598 813 3666 substantivo
845 3602 967 3667 neutro
1000 3616 1121 3682 genere
1151 3605 1287 3683 poetam
1316 3601 1378 3668 boo
1407 3618 1477 3668 nno
1508 3600 1583 3669 loco

384 3738 485 3787 usum
507 3737 583 3787 esse
606 3720 769 3788 traditum
792 3724 854 3789 est.
879 3722 951 3804 Qua
974 3722 1014 3789 de
1038 3739 1073 3788 re
1098 3740 1164 3789 non
1188 3723 1388 3806 dubitarem,
1413 3723 1479 3789 nisi
1504 3741 1582 3791 oon·

384 3841 538 3908 iunctum
562 3844 654 3908 esset
676 3859 754 3908 cum
777 3842 942 3910 adieetivo
963 3841 1099 3920 ἐκκροὲο.
1124 3842 1206 3910 riou
1224 3844 1315 3911 enim
1328 3844 1583 3911 demonstravit

383 3971 410 4027 ‘r
425 3963 485 4028 181
513 3980 572 4045 pro
595 3961 734 4040 ἐκκργεῖο
756 3964 986 4046 reponendum
1008 3980 1084 4030 esse
1103 3964 1300 4032 adverbium
1321 3962 1460 4044 lvaepylr.
1482 3965 1580 4048 Quod

382 4083 412 4150 si
436 4100 554 4150 verum
575 4088 640 4166 est,
665 4076 770 4150 luisse
793 4085 989 4151 adverbium
1011 4083 1150 4164 ἐκκργὲκ,
1168 4085 1231 4152 hoo
1253 4085 1423 4170 Odysseae
1445 4103 1581 4169 quoque

381 4205 451 4272 loco
482 4203 608 4285 δοκογὲο
640 4223 698 4288 pro
720 4205 877 4272 adverbio
900 4205 1090 4273 habendum
1114 4223 1243 4284 censeo,
1267 4222 1376 4289 neque
1397 4207 1580 4289 quicquam

381 4328 494 4395 obstat
523 4327 705 4410 quominus
728 4331 889 4394 neutrum
908 4323 1014 4409 ὅκκοροκ
1035 4328 1107 4396 loco
1129 4329 1228 4396 dedat
1250 4327 1437 4395 masculino
1458 4325 1579 4409 ὄνειρος.

427 4565 446 4605 κ
472 4543 536 4607 110
582 4536 613 4611 de
637 4564 683 4612 σος
708 4540 796 4606 τῶνδ’
820 4539 866 4613 οἷο
891 4540 1044 4618 βασιλεὺς
1068 4540 1121 4606 καὶ
1145 4534 1220 4608 oleru
1243 4540 1383 4606 οὶκάσσοο.

426 4663 508 4727 Post
539 4660 631 4727 τῶνδε
663 4662 746 4727 mihi
777 4662 934 4743 languere
966 4663 1100 4729 videtur
1129 4679 1312 4744 pronomen
1342 4662 1578 4743 possessivum

381 4783 579 4849 reflexivum
613 4783 722 4866 (ο)οῑοο,
758 4801 859 4865 quam
894 4785 1044 4850 codicum
1080 4783 1257 4849 lectionem
1294 4782 1398 4850 etiam
1429 4783 1579 4851 editores
