3848 6006
508 1649 558 1731 ne
588 1670 719 1733 errore
749 1649 902 1753 quoiam
932 1651 1160 1753 piiioiopioo.

404 1832 470 1889 Hor.
489 1833 517 1891 S.
537 1833 551 1890 I
570 1832 598 1904 ὅ,
617 1833 673 1890 trs
691 1835 774 1906 sepio
792 1853 928 1909 campum
950 1837 1102 1908 lucumque
1121 1835 1269 1906 importem,

779 2014 891 2052 ΙΟΙΙΡΙΠ

700 2161 732 2228 J.
755 2161 814 2230 W.
838 2161 963 2230 BECK.

284 2513 324 2581 In
346 2511 439 2595 libro,
462 2528 565 2596 quem
588 2528 695 2594 nuper
717 2512 758 2579 de
781 2512 923 2579 Horatio
944 2512 1137 2598 conscripsi,
1153 2511 1180 2599 ¹)
1204 2532 1283 2582 oum
1307 2515 1434 2583 multos

239 2633 322 2702 alios
350 2633 440 2702 locos
469 2651 490 2701 a
521 2633 605 2700 viris
627 2633 735 2701 doctis
757 2637 820 2701 aut
838 2634 938 2701 rubro
960 2633 1056 2715 signo
1080 2637 1216 2702 notatos
1238 2638 1301 2702 aut
1323 2636 1435 2703 inrita

240 2755 392 2823 Minerva
420 2756 672 2838 interpretatos,
704 2758 779 2822 tum
811 2754 921 2822 locum
951 2754 1046 2821 illum
1077 2756 1231 2824 omnium
1260 2758 1329 2824 fere
1354 2757 1434 2824 eele-

239 2877 433 2960 berrimum,
454 2877 512 2960 qui
530 2876 616 2944 artis
634 2876 768 2944 criticae
788 2877 929 2944 rationis
945 2880 1206 2944 monumentum
1217 2879 1326 2945 adhuc
1337 2882 1436 2946 extat

240 2999 423 3081 singulare,
445 2999 621 3082 percensui
643 2998 689 3082 (p.
714 2997 875 3077 44-49).

286 3121 337 3188 Ut
359 3138 427 3188 non
451 3120 560 3202 magis
581 3120 896 3202 interpretationem
920 3137 1033 3187 meam
1054 3138 1157 3203 quam
1175 3138 1321 3189 errorem
1340 3122 1435 3189 illum

240 3242 484 3327 philologicum,
523 3242 597 3310 sive
639 3241 787 3325 lepidum
833 3243 944 3309 nescio
990 3242 1087 3309 cuius
1128 3243 1319 3329 inventum,
1362 3245 1436 3312 sive

241 3365 392 3433 fraudem
422 3365 557 3432 doctam
568 3361 594 3442 ²)
622 3363 730 3430 dicere
762 3363 870 3446 malis,
898 3362 1108 3444 gravioribus
1129 3367 1340 3445 argumentis
1362 3383 1436 3433 con·

240 3488 383 3569 firmem,
408 3489 480 3554 tam
504 3503 558 3552 res
577 3485 652 3568 ipsa
668 3501 772 3567 quam
784 3485 953 3551 accusatio
966 3484 1142 3551 meahaud
1154 3484 1256 3552 dubia
1268 3487 1437 3569 postulare

242 3607 386 3675 videtur.
409 3606 499 3674 Nam
521 3605 610 3690 quod
632 3604 828 3688 Schanzius,
851 3621 952 3689 quem
976 3607 1149 3688 permagni
1170 3608 1351 3675 aestimare
1369 3626 1436 3677 non

242 3728 405 3807 desinam,
440 3728 475 3794 in
509 3726 592 3794 libro
622 3725 677 3793 illo
708 3726 750 3793 de
780 3726 932 3793 Historia
961 3725 1136 3794 literarum
1167 3728 1397 3797 Romanorum
1410 3728 1436 3815 ⁸)

243 3852 334 3917 huno
355 3849 466 3917 locum
484 3866 606 3917 verum
624 3847 793 3916 Sohibolet
812 3846 981 3914 Blandinii
1002 3849 1228 3915 vetustissimi
1247 3850 1437 3918 nominavit

243 3990 352 4057 neque
390 3971 566 4055 opiniones
599 3970 700 4052 longa
732 3972 847 4038 aetate
876 3972 912 4037 et
942 3971 1145 4039 auctoritate
1176 3972 1361 4040 multorum
1390 3974 1438 4041 in·

243 4097 417 4163 veteratas
438 4098 590 4161 evertere
611 4092 769 4176 cuiquam
793 4091 985 4159 mortalium
1009 4093 1116 4174 primo
1136 4094 1266 4178 impetu
1285 4097 1437 4180 contigit,

244 4219 307 4285 hoo
327 4219 413 4284 artis
431 4217 567 4284 criticae
582 4215 789 4282 Horatianae
805 4214 1090 4297 propugnaculum
1100 4232 1252 4284 errorum
1263 4236 1284 4285 a
1296 4218 1438 4286 diversis

243 4339 399 4423 partibus
429 4339 512 4406 mihi
541 4337 801 4420 aggrediendum
824 4352 900 4403 esse
925 4335 1011 4402 satis
1034 4336 1157 4420 dinque
1179 4341 1344 4424 perspexi.
1367 4341 1439 4423 Quo

245 4462 336 4528 enim
367 4460 477 4541 magis
506 4456 680 4542 philologis
710 4456 967 4540 persuadebitur
997 4456 1176 4526 lectionem
1199 4462 1440 4545 manuscriptis

245 4596 442 4609 -μ

280 4658 308 4724 1)
324 4655 516 4715 Ηοηυωᾶίοιη
533 4653 613 4719 flung,
630 4652 730 4717 Nijhoff.
748 4650 823 4703 1007,

279 4741 304 4803 Ξ)
321 4739 444 4805 Crnqnine
461 4737 511 4788 und
529 4736 569 4787 die
586 4734 753 4796 Horukritik,
771 4749 818 4784 ron
835 4732 859 4784 J.
878 4731 1010 4795 irrumet,
1028 4733 1128 4801 Leipzig
1146 4736 1220 4797 1884,
1237 4753 1261 4804 p.
1280 4739 1312 4789 50
1329 4755 1381 4806 sqq.

280 4823 306 4886 8)
322 4823 348 4873 11
366 4823 395 4873 1²
415 4822 440 4871 S·
458 4820 515 4872 126.
