3848 6006
927 827 992 895 158

408 1013 510 1080 Anno
546 1012 610 1080 193
645 1030 724 1079 cum
755 1011 880 1080 milites
906 1012 1098 1096 frequentes
1128 1011 1296 1097 stipendia
1325 1012 1469 1081 emerita
1497 1014 1562 1080 001

363 1135 497 1202 morbos
526 1136 729 1203 excusantes
759 1134 913 1202 tribunos
944 1133 1050 1217 plebis
1078 1134 1220 1216 adirent
1252 1136 1293 1201 ut
1322 1150 1446 1202 causas
1476 1151 1562 1202 suas

363 1260 609 1341 cognoscerent,
642 1260 784 1324 senatus
813 1257 963 1323 decrevIt
988 1254 1176 1324 tumultum
1198 1272 1274 1323 esse
1297 1271 1405 1339 neque
1429 1253 1562 1338 placere

362 1379 516 1447 tribunos
549 1396 670 1446 causas
705 1379 868 1446 milliaros
898 1395 1106 1462 cognoscere,
1137 1395 1204 1461 quo
1232 1377 1366 1445 decreto
1394 1377 1563 1445 commoti

363 1500 491 1568 tribuni
513 1500 678 1567 auxilium
701 1518 769 1567 non
793 1501 946 1567 tulerunt
969 1499 1058 1585 (Lis.
1082 1500 1138 1578 34,
1163 1499 1231 1581 16).

408 1621 509 1689 Anno
541 1621 603 1687 171
637 1620 724 1704 (Liv.
758 1622 811 1707 42,
836 1621 985 1707 32-35)
1015 1639 1093 1690 cum
1117 1620 1244 1688 tribuni
1267 1618 1418 1688 militum
1439 1623 1562 1688 centn·

362 1743 475 1810 riones
509 1743 664 1825 citarent,
695 1743 818 1809 XXIII
847 1759 889 1809 ex
921 1743 981 1825 iis,
1020 1742 1078 1826 qui
1109 1742 1237 1826 primos
1263 1740 1350 1825 pilos
1386 1741 1563 1809 <luxerant

361 1864 527 1931 auxilium
550 1862 770 1931 tribunicium
792 1865 994 1931 invocarunt
1016 1879 1114 1945 aegre
1133 1862 1281 1931 ferentes
1299 1863 1364 1931 sibl
1382 1862 1563 1931 inferiores

361 1986 495 2055 ordines
524 1986 675 2054 attribui.
707 1985 780 2053 Duo
810 1986 938 2053 tribuni
968 1985 1073 2070 plebis
1103 1986 1146 2053 ad
1173 1985 1327 2053 consules
1349 2002 1423 2053 rem
1445 1984 1562 2053 reicis

362 2110 463 2176 bant:
494 2125 611 2175 eorum
640 2108 865 2188 cognitionem
896 2124 971 2176 esse
998 2108 1128 2185 debere,
1152 2109 1276 2190 quibus
1297 2107 1441 2175 dilectus
1463 2124 1562 2175 man·

361 2229 463 2297 datus
496 2233 599 2296 esset.
635 2227 761 2314 Ceteri,
793 2229 988 2311 cognituros
1018 2247 1065 2311 se,
1094 2230 1136 2297 de
1158 2246 1225 2313 quo
1247 2227 1405 2312 appellati
1428 2231 1561 2307 essent,

361 2350 498 2418 aiebant
528 2354 563 2417 st
594 2350 624 2418 si
654 2350 777 2418 iniuria
807 2350 921 2432 fleret,
959 2351 1124 2419 auxiium
1156 2350 1289 2418 civibus
1317 2350 1457 2418 laturos.
1494 2349 1561 2418 ‘Ia-

361 2488 439 2539 msn
475 2470 689 2539 centuriones
718 2470 941 2556 appellatione
971 2490 1035 2540 sua
1066 2472 1289 2555 destiterunt,
1319 2471 1479 2555 quamvis
1511 2470 1563 2539 lu·

361 2592 512 2660 oulenter
541 2610 632 2660 unus
662 2610 706 2660 ex
735 2593 778 2661 iis
807 2593 849 2660 ad
880 2594 1039 2661 subsella
1061 2594 1275 2662 tribunorum
1297 2593 1352 2662 ius
1374 2610 1480 2661 suum
1502 2610 1564 2661 ex·

362 2714 542 2797 posuisset.

407 2836 459 2902 Ex
490 2835 544 2903 his
571 2834 736 2919 exemplis
758 2840 898 2920 apparet
920 2837 1026 2904 veluti
1048 2837 1084 2903 in
1107 2838 1323 2905 controverso
1342 2835 1415 2903 iure
1437 2835 1561 2921 luisse,

361 2960 478 3023 utrum
497 2956 693 3024 intercessio
712 2958 748 3024 in
766 2956 942 3024 dilectibus
962 2957 1090 3026 valeret
1108 2973 1223 3025 necne.
1242 2957 1331 3025 Nam
1345 2956 1410 3041 ipsi
1425 2958 1562 3027 trihuni

361 3094 450 3144 anno
482 3077 543 3144 171
576 3078 820 3145 dissentIebant
843 3077 905 3145 hac
928 3078 970 3146 de
993 3095 1030 3146 re
1051 3081 1088 3145 et
1109 3076 1274 3145 traditum
1297 3081 1352 3146 est
1373 3094 1464 3146 anno
1488 3078 1562 3149 478

361 3198 417 3283 (11.
441 3197 514 3265 Liv.
540 3199 571 3274 2,
597 3197 650 3276 55,
675 3199 696 3264 4
705 3217 714 3277 ;
738 3198 813 3265 DII
837 3201 868 3277 9,
894 3199 952 3285 39)
974 3199 1128 3267 tribunos
1149 3198 1250 3267 caede
1269 3198 1412 3268 Genucii
1429 3204 1563 3285 perter-

361 3319 446 3386 ritos
462 3320 618 3387 Voleroni
629 3320 794 3388 auxilium
805 3321 979 3388 invocanti
991 3338 1118 3388 morem
1129 3338 1197 3389 non
1208 3321 1364 3403 gessisse
1378 3322 1564 3396 Praeterea

361 3445 496 3510 constat
527 3442 562 3509 in
594 3444 745 3511 tumultu
769 3445 962 3512 vacationes
985 3462 1052 3511 non
1077 3443 1226 3511 valuisse
1248 3443 1330 3530 (010.
1354 3444 1438 3513 Phil.
1462 3448 1497 3531 8,
1521 3448 1563 3531 3)

360 3568 396 3631 01
418 3564 454 3630 10
478 3563 572 3631 bellis
591 3564 802 3645 gravioribus
820 3563 992 3632 consulem
1011 3564 1219 3646 cognitiones
1238 3565 1457 3635 vamtionum
1475 3574 1563 3651 post

360 3683 483 3752 bellum
507 3685 638 3753 differre
660 3687 810 3770 poluisse
834 3686 922 3771 (Ilv.
946 3687 980 3764 3,
1004 3688 1059 3764 69,
1083 3688 1104 3752 6
1128 3683 1408 3764 0110100100
1427 3688 1563 3760 tribuni

360 3807 491 3873 civibus
524 3806 648 3875 auxilio
682 3812 776 3886 0001,
810 3807 918 3875 veluti
949 3825 1039 3875 anno
1073 3807 1147 3893 171,
1180 3807 1335 3877 videmus
1365 3826 1424 3878 eos
1454 3813 1563 3881 tanta

360 3926 533 4009 diligentia
563 3945 683 3997 causas
712 3946 916 4014 cognoscere
948 3933 989 3996 ut
1020 3931 1137 4012 pateat
1167 3928 1202 3996 10
1233 3930 1435 4015 narratione,
1463 3933 1562 4001 unde

360 4066 496 4131 egressa
516 4053 570 4118 ost
595 4055 710 4119 nostra
732 4051 926 4135 disputatio,
950 4051 991 4118 ds
1010 4051 1251 4120 intercessione
1268 4068 1460 4121 sermonem
1479 4070 1563 4125 esse

361 4189 427 4238 non
459 4188 567 4255 posse,
599 4189 679 4239 nam
710 4190 795 4255 quas
824 4173 1062 4239 excusationes
1091 4171 1252 4240 afferrent
1282 4173 1374 4241 cives
1404 4173 1462 4259 illi,
1494 4181 1564 4246 aut

361 4295 449 4361 unde
481 4298 617 4377 tempus
648 4298 822 4362 sumerent
853 4295 982 4363 tribuni
1005 4298 1057 4362 tot
1080 4295 1255 4363 hominum
1277 4313 1398 4364 causas
1419 4313 1563 4379 cognos-

360 4416 467 4499 cendi,
499 4419 561 4483 aut
591 4416 670 4499 quid
701 4417 858 4502 dicerent,
891 4434 967 4484 cum
991 4418 1168 4500 appareret
1189 4433 1311 4484 causas
1333 4416 1458 4484 nullius
1480 4435 1563 4488 esso

360 4537 486 4621 pretii?
505 4536 654 4620 Denique
669 4537 944 4605 intercessionem
961 4554 1028 4604 non
1043 4538 1156 4604 causis
1170 4536 1297 4605 civium
1312 4538 1562 4621 appellantium

360 4662 419 4729 scd
438 4661 625 4728 rationibus
644 4662 787 4744 polibicis
802 4662 982 4729 obnoxiam
999 4662 1107 4728 iacere
1122 4661 1236 4728 auxilii
1254 4661 1424 4728 tribunicii
1434 4663 1563 4745 origini

360 4787 396 4850 01
419 4786 561 4850 naturae
583 4788 759 4867 repugnat.
