3848 6006
743 1317 908 1653 e

668 1893 835 1977 tonitrus
863 1895 993 1996 inape.

775 2105 885 2143 ⁸011?OE

744 2249 777 2320 J.
811 2251 915 2320 stit

557 2665 631 2734 Duo
663 2670 745 2734 sunt
774 2667 842 2734 fere
867 2667 949 2733 enni
971 2685 1049 2734 cum
1074 2671 1123 2751 tu,
1147 2667 1337 2735 venerande
1360 2684 1430 2733 ma·

311 2814 363 2826 ⁴*
512 2789 627 2870 gister,
659 2789 694 2855 in
725 2788 822 2856 viridi
852 2792 914 2855 tue
944 2793 1130 2867 senectute,
1162 2807 1269 2855 novas
1299 2788 1362 2854 tibi
1392 2790 1429 2854 et

513 2910 628 2977 devies
663 2911 804 2978 semitas
829 2915 976 2989 secutus,
1005 2911 1296 2996 hieroglyphorum
1318 2909 1428 2976 lectio·

330 3098 378 3106 ,
514 3050 593 3100 nem
623 3033 718 3100 nobis
745 3034 943 3115 exposuisti.
976 3034 1071 3101 Inter
1093 3035 1226 3115 ineptas
1249 3029 1428 3113 Horapolli·

514 3155 568 3221 nis
586 3170 704 3237 nugas,
726 3155 978 3236 ineptissimum
998 3155 1061 3222 tibi
1080 3156 1192 3222 visum
1212 3158 1266 3221 est
1284 3157 1320 3220 et
1332 3153 1430 3236 plane

235 3275 418 3343 absurdum
441 3276 528 3359 quod
551 3276 592 3343 de
614 3277 763 3344 tonitrus
786 3278 932 3358 imagine
956 3280 1072 3344 narrat
1095 3277 1149 3344 his
1173 3278 1303 3345 verbis:
1327 3277 1430 3358 φωνὴν

236 3397 268 3463 δὲ
290 3397 442 3476 μακρόθεν
464 3395 646 3474 βουλόμενοι
668 3396 813 3478 δηλῶσαι,
833 3389 847 3462 3
869 3406 1015 3464 καλεῖται
1039 3400 1112 3476 παρ’
1135 3399 1318 3478 Αἰγυπτίοις
1335 3399 1431 3479 etati,

237 3517 322 3600 ἀέρος
357 3521 460 3601 <venir
483 3519 653 3600 peritiorem,
676 3518 762 3585 τοῦτ’
787 3520 853 3586 ἐστι
876 3520 1016 3601 βροντήν,
1041 3515 1073 3595 ἧς
1099 3519 1181 3586 otiu
1207 3519 1431 3603 καταφθέγγει

235 3642 340 3725 μεῖζον
365 3643 382 3718 ἢ
406 3642 656 3723 tvvaprutnpov.

282 3765 387 3834 Credo
422 3766 494 3833 tibi.
526 3765 642 3850 Neque
667 3783 727 3850 ego
749 3766 780 3834 is
803 3783 881 3833 sum
904 3766 973 3849 qui,
997 3767 1032 3834 in
1057 3767 1162 3834 saeris
1185 3768 1433 3852 Aegyptiorum

236 3859 361 3955 litteris
383 3892 552 3974 versatus,
576 3889 801 3972 Horepoilinis
820 3905 948 3956 errores
967 3888 1132 3972 explicare
1151 3892 1336 3957 constums
1354 3892 1432 3958 sim.

237 4008 354 4076 Unum
389 4025 491 4091 nego:
522 4011 652 4078 tonitru
681 4010 816 4092 depingi
847 4027 914 4078 non
946 4026 1053 4092 pesse.
1085 4010 1120 4077 Si
1152 4011 1333 4094 internos,
1359 4027 1432 4079 sero

238 4135 348 4212 nates,
382 4130 495 4200 velere
528 4133 640 4211 desiit,
673 4136 804 4200 remota
832 4132 1037 4215 antiquitate
1067 4131 1176 4199 valuit
1207 4135 1299 4200 uerte
1329 4133 1434 4200 Hora·

239 4253 373 4322 timum
395 4254 477 4322 iliud
501 4255 737 4323 tritissimum:

865 4376 1049 4461 pictoribus
1071 4379 1175 4461 atque
1198 4377 1308 4460 poetis

373 4495 453 4580 quid
474 4495 556 4565 libet
578 4498 721 4565 audendi
745 4514 878 4580 semper
899 4498 964 4564 fuit
986 4515 1093 4581 sequa
1116 4501 1277 4581 potestas.

284 4619 396 4701 Reges
414 4620 596 4702 exempla?
611 4619 685 4688 Non
699 4620 761 4688 tibi
773 4619 925 4704 Apeilem
936 4621 1123 4704 ostendam,
1136 4620 1177 4687 de
1189 4638 1254 4703 quo
1265 4619 1395 4687 Plinius
1408 4619 1432 4700 ¹)

277 4845 301 4908 r)
317 4844 353 4897 r.
370 4844 404 4895 n.
421 4843 518 4895 xxxv.
536 4844 576 4895 ss.
