3848 6006
971 875 1037 944 436

376 1059 680 1141 comprobaverunt
701 1057 845 1142 Ladeck,
872 1057 1088 1142 Nordmeyer.
1111 1055 1251 1124 Certum
1275 1056 1337 1124 boo
1358 1074 1468 1124 unum
1491 1063 1572 1141 post

375 1180 521 1249 Senecae
543 1182 674 1249 obitum
697 1184 779 1248 ante
801 1180 957 1248 Taciturn
975 1179 1137 1263 scriptam
1155 1193 1231 1246 esse
1251 1181 1483 1261 praetextam
1504 1196 1572 1247 cer·

374 1302 461 1370 tiora
483 1303 579 1386 sequi
599 1303 775 1386 lubricum.
800 1301 896 1370 velut
919 1317 1080 1385 perquam
1102 1299 1203 1368 dubia
1224 1302 1279 1368 eet
1301 1305 1346 1367 A.
1369 1299 1506 1369 Gerckii
1528 1301 1571 1368 de

374 1422 481 1490 Plinio
502 1423 728 1491 coniectura.”

418 1545 473 1612 Ita
490 1544 530 1612 G.
551 1544 731 1612 Richterus
750 1544 785 1611 in
803 1543 949 1611 Senecae
967 1541 1216 1624 tragoediarum
1234 1541 1428 1609 recensione
1442 1559 1476 1624 p.
1488 1539 1569 1608 395.

372 1663 560 1731 Ladeckius
582 1664 758 1732 Octaviam
781 1665 1005 1748 conscriptam
1027 1679 1102 1730 esse
1124 1663 1242 1745 primis
1264 1663 1458 1729 Flauiorum
1482 1665 1569 1729 tem·

373 1786 517 1870 poribus,
539 1785 744 1870 Nordmeyer
762 1785 877 1853 decem
897 1784 1078 1864 minimum
1096 1783 1196 1851 anuis
1215 1786 1293 1866 post
1311 1800 1441 1851 annum
1459 1783 1568 1850 trium

373 1907 615 1990 imperatorum
638 1906 867 1974 defenderunt.

415 2025 554 2108 Singula
583 2028 703 2094 horum
735 2028 886 2095 virorum
912 2030 1116 2109 argumenta
1137 2027 1335 2105 exscribere,
1357 2025 1565 2112 examinare,

370 2149 508 2232 probare
531 2148 586 2215 vel
609 2148 806 2232 improbare,
830 2166 851 2214 a
874 2148 1043 2231 proposito
1066 2150 1182 2215 nostro
1204 2152 1260 2214 est
1280 2146 1440 2215 alienum.
1475 2147 1565 2215 Nam

368 2267 447 2335 licet
470 2268 567 2335 nobis
590 2270 724 2334 constet
747 2285 814 2335 non
839 2285 962 2352 parvos
983 2268 1116 2335 ductus
1137 2268 1215 2335 inde
1233 2269 1305 2351 capi
1325 2285 1434 2353 posse,
1456 2270 1566 2351 magis

369 2406 389 2455 e
419 2405 456 2455 re
485 2388 621 2456 videtur
651 2388 735 2470 ipsis
764 2389 929 2471 versibus,
960 2390 1018 2473 qui
1040 2390 1150 2457 lucem
1171 2389 1291 2457 afferre
1313 2392 1469 2473 possunt,
1493 2389 1565 2458 lan·

368 2509 489 2577 dandis
511 2512 616 2593 atque
637 2509 870 2593 comparandis
892 2510 941 2577 sic
963 2510 1005 2577 ad
1028 2510 1221 2594 opinionem
1244 2515 1399 2579 nostram
1418 2528 1565 2580 commo·

369 2631 448 2698 dam
472 2630 618 2714 aliquam
642 2631 735 2697 viam
758 2632 911 2699 sternere
933 2632 1018 2700 aliis.

415 2752 441 2821 Ι.
477 2750 643 2833 scriptam
673 2768 748 2819 esse
770 2754 984 2834 praetextam
1011 2756 1089 2835 post
1111 2753 1238 2822 Romae
1260 2753 1464 2831 incendium,
1488 2755 1511 2821 i.
1531 2773 1563 2822 e.

367 2877 446 2956 post
463 2890 594 2941 annum
613 2874 702 2956 64³²,
722 2875 900 2955 apparete
918 2873 1083 2957 versibus,
1102 2874 1225 2957 quibus
1244 2874 1564 2944 Neroiraincensus

366 2993 488 3077 populo
518 2995 694 3062 Octaviam
723 2993 899 3062 dimissam
921 2999 961 3062 ut
984 2995 1124 3063 reducat
1146 2995 1314 3078 maranti
1336 2996 1386 3063 sic
1408 2997 1563 3065 minatur

366 3122 449 3197 (uss
475 3114 687 3197 831-833):

547 3255 628 3306 mox
650 3240 742 3306 tecta
765 3239 912 3307 dammis
934 3239 1113 3306 concidant
1134 3239 1228 3308 urbis
1252 3241 1348 3324 meis,

547 3360 641 3441 ignes
664 3359 780 3427 ruinae
803 3362 944 3429 noxium
965 3361 1126 3444 populum
1148 3365 1306 3445 premant

546 3480 722 3564 turpisque
743 3484 886 3565 egestas,
910 3499 1014 3551 saeva
1035 3500 1113 3550 cum
1136 3483 1230 3551 luctu
1253 3484 1369 3552 tamea

365 3603 513 3670 Dimissa
535 3605 652 3669 autem
674 3605 728 3669 est
747 3603 887 3671 Octavia
906 3621 997 3671 anno
1014 3602 1085 3672 62⁰.
1111 3605 1202 3672 Num
1221 3606 1404 3674 verisimile
1424 3608 1560 3678 videtur

364 3724 601 3807 imperatorem
632 3723 764 3790 duobus
793 3725 931 3792 demum
954 3729 1032 3809 post
1055 3744 1195 3794 uxorem
1220 3728 1431 3811 repudiatam
1454 3731 1556 3798 annis

360 3849 446 3914 iram
465 3864 564 3914 snam
584 3847 619 3913 in
639 3845 769 3927 plebem
787 3847 1004 3915 exercuisse?
1022 3848 1099 3915 Non
1118 3848 1243 3932 opinor.
1269 3849 1342 3917 Duo
1353 3851 1457 3931 igitur
1469 3850 1559 3918 iacta

363 3967 450 4035 satis
479 3966 576 4048 longo
606 3966 785 4034 intervallo
810 3967 978 4050 dirempta
1008 3986 1115 4052 neque
1145 3969 1214 4037 ulla
1244 3971 1375 4038 ratione
1405 3971 1496 4039 inter
1521 3990 1559 4040 se

364 4089 541 4156 coniuncta
564 4088 714 4171 tragicus
737 4088 787 4154 ito
809 4088 928 4154 dextre
949 4089 1130 4171 copulavit,
1152 4095 1202 4175 nt,
1223 4091 1254 4159 si
1271 4108 1389 4166 revera
1406 4110 1559 4162 connexa

363 4210 523 4292 iissent,
559 4226 658 4275 nemo
693 4211 848 4275 nostrum
882 4209 1072 4277 miraretur.
1108 4212 1230 4294 Ecquis
1265 4217 1328 4298 est,
1365 4213 1424 4295 qui
1457 4218 1559 4296 putet

360 4334 534 4398 auctorem
557 4330 639 4396 haec
662 4331 843 4412 probabilia
862 4330 996 4398 reddere
1015 4332 1167 4414 potuisse
1185 4331 1375 4413 legentibus
1394 4334 1448 4403 rel
1467 4354 1558 4419 spec·

360 4451 539 4534 tatoribus,
571 4450 630 4532 qui
652 4451 737 4533 ipsis
759 4450 901 4518 Neronis
924 4451 1127 4519 facinoribus
1150 4453 1413 4523 interfuissent?
1436 4457 1559 4525 Nonne

360 4571 480 4639 melius
512 4572 593 4639 talia
623 4572 755 4654 probari
787 4576 953 4653 poterant,
985 4591 1062 4640 eum
1092 4591 1205 4641 rerum
1238 4576 1474 4644 historicarum
1499 4597 1559 4661 per

360 4710 468 4758 annos
491 4692 697 4774 digestarum
725 4694 803 4759 ordo
831 4695 1006 4776 perpaucis
1033 4695 1067 4760 in
1094 4696 1262 4778 capitibus
1287 4699 1393 4765 etiam
1418 4700 1558 4766 vivebat

359 4817 462 4893 atque
485 4813 646 4893 vigebat?
