3848 6006
918 799 984 865 364

359 986 491 1055 scribit:
520 984 653 1072 „pinxit
676 986 712 1050 et
735 1000 819 1066 quae
841 983 932 1067 pingi
951 1001 1019 1049 non
1038 987 1199 1067 possunt:
1221 984 1382 1070 tonitrua,
1402 984 1566 1066 fulgetra,

361 1108 503 1188 fulgura,
539 1122 626 1188 quae
659 1105 820 1186 Bronten,
854 1104 1036 1190 Astrapen,
1069 1104 1329 1173 ceraunobolian
1353 1105 1566 1189 appellant”.

407 1227 597 1296 Verisimile
632 1226 733 1311 enim,
770 1225 849 1308 quid
881 1225 962 1311 dico,
995 1226 1092 1293 valde
1123 1227 1289 1309 probabile
1319 1244 1394 1294 esse
1426 1227 1568 1295 videtur

363 1351 507 1418 nobilem
538 1348 633 1415 illum
656 1347 818 1430 pictorem
837 1364 906 1414 non
925 1347 1069 1431 simplici
1087 1347 1232 1431 quodam
1249 1348 1389 1415 artificio
1411 1348 1569 1416 tonitrus

364 1472 535 1537 notionem
560 1469 806 1554 spectatoribus
829 1468 1000 1549 obtulisse,
1024 1469 1082 1537 sed
1106 1468 1289 1551 allegoricis
1310 1470 1568 1552 potiustlgnrisr

365 1592 473 1673 magis
497 1592 737 1673 intelligentiae
755 1608 858 1674 quam
877 1591 980 1659 oculis
1000 1591 1162 1659 obtulisse
1178 1607 1264 1674 quae
1274 1591 1412 1659 auribus
1423 1594 1568 1659 tantum

366 1713 494 1795 concipi
518 1712 660 1796 possint.

410 1833 559 1915 Longius
592 1835 737 1903 evocabo
771 1839 822 1919 te,
858 1834 901 1902 ad
934 1834 1073 1903 ultimas
1105 1838 1242 1919 gentes,
1278 1853 1363 1919 quae
1396 1835 1569 1904 orientem

368 1959 533 2039 spectant,
555 1956 597 2023 ad
616 1955 716 2023 Sinas
735 1957 809 2025 volo
829 1960 875 2040 et,
895 1955 953 2039 qui
966 1955 1095 2023 vicinas
1105 1956 1233 2025 insulas
1245 1958 1405 2037 incolunt,
1416 1959 1570 2042 Japanos

367 2094 453 2161 quos
476 2080 600 2145 vocant
623 2081 802 2145 nostrates

413 2199 483 2267 Illis
514 2199 663 2266 tonitrus
695 2199 805 2280 imago
832 2198 1021 2295 notissima.
1052 2198 1156 2267 Linea
1179 2204 1233 2269 eet
1256 2199 1290 2267 in
1315 2218 1353 2268 se
1374 2199 1484 2283 ipsam
1506 2201 1569 2268 cir·

370 2322 575 2399 cumvoluta,
600 2322 673 2389 sive
697 2321 842 2389 rotunda
862 2339 922 2389 seu
942 2320 1115 2404 quadrata.
1135 2323 1210 2389 Aut
1224 2322 1375 2405 singulae
1385 2327 1446 2390 aut
1456 2323 1568 2409 binae,

370 2447 497 2518 ternae.
531 2443 643 2526 plures
674 2443 709 2509 in
737 2461 805 2510 uno
828 2459 910 2527 gyro
932 2448 1189 2525 componuntur.
1214 2443 1347 2527 Triplex
1369 2444 1478 2510 forma
1500 2446 1570 2512 usi·

370 2564 540 2631 tatissima
559 2568 623 2630 est.
649 2564 718 2632 Nec
740 2565 874 2650 mirum,
898 2564 1049 2632 omnium
1072 2565 1199 2648 optime
1220 2566 1376 2633 volvendi
1395 2567 1571 2635 notionem

369 2686 541 2768 exprimit,
575 2703 677 2768 quam
708 2687 744 2752 in
774 2686 923 2753 tonitrus
953 2686 1082 2768 fragore
1112 2688 1268 2754 sentiunt
1298 2688 1409 2755 inesse
1437 2705 1570 2767 omnes,

370 2808 458 2890 quod
481 2810 517 2874 et
540 2806 604 2874 alio
628 2825 694 2873 non
716 2804 825 2874 alieno
848 2806 946 2873 modo
966 2806 1157 2888 significant
1177 2807 1336 2875 Germani
1355 2808 1397 2876 de
1416 2810 1572 2877 tonantis

372 2927 425 2995 dei
447 2946 540 2996 carro
563 2929 764 2997 fabulantes.

416 3050 522 3134 Saepe
560 3052 597 3117 in
627 3051 728 3118 tectis
764 3051 874 3134 pictae
904 3051 1127 3119 inveniuntur
1156 3052 1220 3119 has
1249 3053 1384 3135 figurae,
1415 3052 1482 3120 nisi
1513 3072 1572 3123 me

371 3174 486 3239 omnia
517 3174 648 3256 fallunt,
680 3177 721 3240 ut
751 3172 894 3240 fulmina
917 3176 1151 3241 averruncent.
1176 3172 1318 3258 Saepius
1340 3177 1458 3242 tamen
1481 3181 1572 3261 tym-

372 3313 460 3378 pana
482 3300 615 3379 ornant,
640 3312 701 3362 nec
723 3294 850 3362 mirum
872 3295 901 3362 si
923 3295 1024 3362 deum
1046 3294 1198 3362 fulminis
1220 3294 1335 3379 ipsum
1360 3296 1397 3363 in
1422 3297 1573 3365 nubibus

350 3418 508 3499 'fingunt
531 3417 687 3485 caelestia
717 3421 885 3501 tympana
915 3433 954 3483 eo
985 3416 1082 3484 modo
1109 3417 1199 3500 picta
1222 3416 1425 3499 pulsantem.
1449 3419 1574 3487 Omnia

373 3540 465 3617 haec,
490 3538 597 3607 multo
620 3538 775 3605 diffusius
798 3540 833 3604 in
857 3539 952 3606 docto
976 3538 1218 3606 commentario
1239 3539 1467 3622 compluribus
1489 3541 1575 3607 ima-

374 3661 507 3741 ginibus
541 3660 709 3727 illustrato
744 3660 902 3743 exposuit
936 3659 1122 3726 Fridericus
1151 3659 1254 3727 Hirth
1284 3660 1320 3727 in
1350 3660 1473 3728 studiis
1497 3662 1575 3729 suis

374 3779 573 3849 Sinensibus
586 3778 623 3861 ¹).

421 3904 490 3969 Ars
508 3908 625 3971 autem
645 3903 709 3987 illa,
722 3908 759 3972 11
771 3923 857 3987 quae
870 3908 943 3971 tota
954 3923 998 3972 ex
1009 3921 1050 3971 ea
1061 3903 1186 3987 pendet
1197 3903 1412 3987 Japanomm,
1425 3904 1578 3986 vestigia

375 4025 542 4108 permulta
567 4030 682 4093 servat
705 4028 876 4094 doctrinae
899 4042 1045 4108 graecae.
1066 4025 1140 4094 Non
1161 4029 1298 4093 tantum
1309 4026 1350 4092 de
1361 4028 1578 4095 ornamentis

375 4148 492 4231 cogito,
529 4147 569 4214 de
605 4147 804 4224 maeandris,
839 4147 880 4214 de
910 4147 1007 4213 flexis
1037 4147 1211 4224 acanthis;
1242 4164 1310 4214 non
1340 4146 1509 4231 imprimis
1532 4146 1577 4215 de

376 4268 518 4334 diversis
541 4269 686 4351 fabricis,
709 4275 749 4335 ut
768 4269 808 4334 de
828 4267 990 4335 coloribus
1011 4268 1188 4335 metallicis
1206 4269 1283 4352 igne
1302 4269 1464 4346 conflatis,
1485 4286 1578 4351 quae

376 4391 489 4456 omnia
519 4391 697 4455 Persarum
727 4395 788 4456 aut
820 4391 972 4456 Arabum
996 4391 1221 4472 Indorumque
1244 4391 1432 4458 ministerio
1456 4408 1577 4473 cogno·

377 4512 469 4578 visse
500 4515 691 4595 potuerunt,
724 4512 782 4578 sed
807 4512 847 4577 de
871 4512 987 4579 altiore
1010 4513 1155 4595 quadam
1178 4513 1364 4598 disciplina,
1387 4512 1428 4579 de
1450 4516 1576 4600 optioa,

412 4788 436 4845 2)
455 4786 610 4834 Chincsisclro
629 4786 728 4834 Studien
748 4802 793 4833 von
813 4784 947 4833 1111111111
968 4784 1042 4833 Hirth
1061 4786 1135 4834 1890.
1152 4786 1172 4834 l.
1188 4802 1211 4849 p.
1230 4785 1288 4834 231.
