3848 6006
811 832 854 900 25

276 1015 386 1098 Quid?
409 1018 464 1084 Ad
488 1019 728 1086 correctionem
750 1019 854 1100 igitur
876 1020 1134 1087 recurrendum!
1159 1019 1195 1087 Si
1218 1020 1275 1096 sit,
1296 1017 1425 1085 medela

231 1137 341 1204 multo
367 1138 472 1206 levior
502 1156 604 1222 quam
631 1157 681 1218 ea,
713 1141 915 1208 aRichtero
938 1158 1023 1224 qnae
1046 1141 1216 1224 proposita
1238 1143 1302 1222 est,
1328 1140 1425 1206 suffe

231 1257 325 1324 cerit.
344 1259 461 1327 Possis
482 1261 575 1329 enim
597 1264 731 1330 tentare
752 1265 814 1329 aut
837 1264 945 1328 texere
969 1262 1048 1346 (oni.
1072 1264 1193 1343 Agsm.
1217 1279 1269 1328 vs.
1282 1260 1341 1341 41)
1363 1264 1424 1328 aut

231 1379 397 1449 domuere.

276 1502 349 1586 Sed,
362 1502 396 1569 id
408 1503 495 1586 quod
506 1505 586 1590 dini,
601 1523 800 1588 persuasum
811 1507 924 1590 habeo,
938 1506 1047 1573 iocum
1060 1523 1128 1572 non
1139 1509 1322 1587 aegrotare.
1339 1504 1424 1587 Quid

231 1624 322 1691 enim
345 1625 436 1692 vult:
465 1627 603 1712 „classis
626 1626 705 1695 illud
729 1645 822 1695 mare
845 1629 988 1695 tenet?”
1013 1628 1165 1695 Profecto
1184 1629 1261 1694 hoc:
1286 1627 1425 1715 „classis

230 1764 290 1830 per
323 1747 403 1814 illud
437 1764 530 1814 mars
564 1749 714 1832 navigat,
748 1749 792 1815 ad
820 1749 899 1816 iilud
931 1767 1023 1817 mare
1053 1750 1122 1816 iam
1153 1749 1341 1832 perventu
1370 1748 1425 1814 Sic

230 1865 310 1934 illud
339 1868 569 1950 Vergilianum
602 1870 740 1938 dicitur:
765 1875 794 1938 et
816 1874 912 1938 metes
935 1874 1019 1938 teuet
1037 1889 1184 1954 aequus
1206 1873 1279 1936 tuta
1302 1870 1426 1936 relictis

231 1990 376 2070 (Aonii
391 1993 477 2070 171).
500 1991 623 2060 Itidem
646 1993 797 2061 Phaedra
818 1993 909 2072 dicit,
933 1992 1058 2060 classes
1082 1993 1136 2059 sui
1158 1992 1266 2075 patris
1288 2009 1426 2059 omnem

230 2111 336 2178 maris
369 2112 541 2193 regionem
574 2113 707 2192 adiisse,
742 2115 784 2181 ad
816 2115 931 2183 omnia
961 2115 1029 2181 ium
1059 2113 1159 2181 litora
1182 2112 1424 2195 penetravisse.

230 2233 330 2301 Unde
353 2234 514 2302 nimirum
538 2254 605 2304 non
625 2236 788 2320 sequitur,
807 2240 904 2304 uteo
923 2254 989 2320 quo
1008 2236 1096 2319 loqui
1116 2235 1256 2316 tingitur
1275 2238 1425 2315 tempore

229 2355 292 2422 hoc
315 2355 424 2424 fecere
449 2357 517 2422 ism
541 2357 713 2425 desierint.

274 2583 323 2650 ΙΙ).
348 2600 401 2651 vs.
424 2584 493 2652 330
516 2603 587 2670 sqq.

519 2709 623 2776 Sacer
645 2714 693 2776 est
715 2713 807 2794 iguis
830 2711 965 2796 (credite
989 2713 1101 2791 tresue)

522 2833 734 2916 nimiumque
751 2837 879 2918 puteus.
905 2853 973 2918 qua
996 2836 1087 2900 terro
1110 2836 1180 2900 suto

521 2957 673 3038 meretur
695 2957 761 3022 utto
784 2975 916 3040 quaque
934 2975 1001 3040 per
1023 2960 1138 3040 ipsum

521 3079 667 3146 madido
690 3079 859 3145 muudum
882 3080 998 3146 eidem
1021 3082 1188 3146 currum:

414 3241 417 3247 ·
522 3202 601 3269 mee
621 3220 729 3284 reque
751 3204 835 3268 teuet
854 3221 945 3286 puer
967 3204 1109 3285 immitis,

414 3324 480 3391 335
526 3325 656 3409 spicula
680 3327 779 3391 cuiue
802 3327 902 3393 sentit
926 3328 963 3392 iu
988 3329 1067 3393 imis

520 3450 661 3532 peruius
684 3450 790 3516 umetis
811 3468 875 3517 reu
896 3451 1083 3517 Nereidum

520 3572 762 3653 flammamque
784 3572 899 3655 nequit
922 3573 1070 3638 relevare
1093 3574 1195 3639 mart.

276 3695 316 3761 In
347 3692 592 3777 antiquioribus
617 3692 821 3760 editionibus
845 3693 909 3793 hic·
922 3694 1013 3761 locus
1037 3695 1085 3761 ita
1109 3694 1187 3761 terri
1210 3693 1306 3780 solet,
1330 3699 1370 3762 ut
1393 3697 1428 3762 in

232 3815 434 3900 interpolata
457 3814 649 3882 recensione
667 3813 754 3881 Itala
772 3816 815 3882 ab
835 3815 949 3897 ignoto
969 3816 1079 3899 aliquo
1100 3817 1201 3883 medii
1220 3818 1296 3884 aevi
1313 3819 1428 3886 critico

232 3943 287 4007 est
317 3941 485 4013 mutatus,
515 3941 557 4003 ut
588 3937 699 4004 sidera
730 3938 856 4004 munde
886 3938 1034 4004 cettereo
1060 3939 1216 4006 dicantur
1238 3957 1370 4006 currere
1393 3945 1429 4007 et

232 4061 390 4127 merrdue
412 4077 497 4143 grex
519 4057 705 4126 Nereidum
723 4058 759 4125 in
778 4058 879 4125 undis
898 4059 1025 4141 spicula
1043 4061 1168 4127 amoris
1187 4062 1323 4127 sentire.
1344 4063 1428 4128 Eam

232 4182 274 4249 ob
297 4199 372 4248 rem
394 4180 562 4263 sagacitas
584 4182 621 4247 et
639 4179 880 4247 divinatorium
901 4181 1074 4261 ingenium
1095 4182 1322 4249 vetustiorum
1342 4183 1429 4249 criti·

233 4320 348 4371 oerum
378 4302 431 4370 hic
459 4304 624 4383 cessavit3
647 4302 757 4371 locum
781 4304 872 4370 enim
895 4307 974 4370 ante
997 4304 1109 4371 oculos
1131 4304 1254 4371 habere
1277 4304 1429 4371 solebant

233 4441 273 4492 ea
295 4424 413 4503 forms,
438 4427 480 4491 ut
503 4424 595 4492 nulla
617 4442 660 4492 ex
683 4427 779 4508 parte
801 4424 951 4493 laborare
975 4426 1157 4493 videretur.

278 4545 344 4614 Sed
363 4546 563 4628 posteriores
582 4545 728 4612 editores
747 4563 829 4615 vera
848 4550 971 4614 natura
982 4548 1187 4614 recensionis
1198 4547 1427 4632 interpolatae,

234 4686 302 4736 non
325 4668 398 4738 dico
420 4671 597 4752 perspecte
622 4704 662 4716 -
686 4686 766 4736 nem
790 4670 973 4736 veteriores
996 4670 1064 4736 iam
1088 4670 1275 4736 bonitatem
1295 4669 1430 4736 Etrusci

238 4790 408 4872 cognitum
446 4789 615 4857 habebant
645 4825 677 4837 -
706 4789 764 4856 sed
806 4806 867 4857 suo
900 4791 1007 4873 pretio
1040 4790 1235 4868 aestimata,
1269 4790 1429 4858 lectiones
