3848 6006
926 828 993 895 392

358 1030 439 1079 eum
467 1011 612 1095 appellat
642 1011 773 1095 Lysias,
804 1016 920 1079 tamen
944 1015 1021 1078 tum
1044 1030 1122 1078 cum
1146 1016 1332 1079 moreretur
1354 1030 1423 1080 non
1446 1011 1557 1078 fuisse

359 1134 471 1200 virum
483 1133 648 1200 inferioris
659 1133 786 1200 ordinis
796 1133 903 1200 veluti
914 1134 1137 1212 taxiarchum,
1149 1134 1222 1216 ipsa
1233 1134 1383 1201 narratio
1392 1133 1558 1218 ostendit,

359 1256 481 1339 quippe
509 1255 564 1322 cui
586 1271 710 1321 navem
733 1255 814 1322 adeo
836 1255 1036 1338 appetitam,
1059 1273 1145 1338 quae
1168 1274 1227 1339 per
1249 1256 1334 1323 duos
1355 1273 1464 1323 annos
1487 1257 1560 1323 iam

359 1378 527 1461 praetoria
548 1377 670 1452 ruerat,
693 1392 772 1442 vere
794 1376 876 1442 anni
899 1376 965 1443 406
989 1376 1134 1443 retinere
1157 1380 1247 1443 certe
1267 1394 1334 1444 non
1357 1377 1562 1460 permissuri

360 1501 506 1568 fuissent
532 1503 714 1584 praetores
744 1498 775 1566 si
799 1502 875 1565 tum
899 1501 1101 1580 magistratu
1124 1500 1241 1566 abiens
1263 1500 1420 1584 privatus
1444 1499 1561 1567 iactus

360 1625 461 1689 esset.
485 1620 574 1687 Nihil
599 1620 772 1703 profecerit
792 1621 850 1704 qui
870 1621 1024 1698 coniciet,
1044 1621 1304 1688 Archestratum
1322 1624 1456 1689 aestate
1475 1621 1563 1687 anni

361 1743 427 1810 400
446 1760 513 1809 nou
534 1746 720 1824 praetorem
743 1743 802 1809 sed
822 1759 882 1825 pro
901 1745 1054 1825 praetore
1065 1746 1211 1809 mortem
1224 1742 1407 1826 Mytilenae
1417 1742 1561 1821 obiisse;

360 1865 392 1932 ei
414 1864 501 1931 ratio
525 1864 690 1931 reddenda
711 1867 803 1930 esset
824 1863 883 1947 qui
905 1863 1000 1930 fleret
1024 1867 1066 1930 ut
1085 1863 1174 1931 Leon
1194 1881 1303 1946 nequa
1321 1881 1402 1930 cum
1421 1862 1562 1931 conone

360 1988 559 2054 liberaretur
592 2003 699 2068 noque
729 2003 808 2052 cum
838 1983 974 2068 reliquis
1005 2002 1137 2067 pugnae
1160 1984 1342 2052 interesset
1349 2005 1358 2065 ;
1383 1987 1563 2068 praeterea

362 2108 559 2192 Xenophon,
592 2108 648 2190 qui
679 2106 771 2173 viros
793 2109 892 2173 extra
913 2106 1063 2174 ordinem
1086 2106 1252 2190 praetoria
1274 2109 1443 2190 potestate
1466 2123 1563 2190 prae-

361 2231 450 2297 ditos
473 2228 676 2296 nominatim
699 2229 845 2295 indicare
865 2227 950 2295 solet
969 2228 1041 2312 (cir.
1061 2245 1116 2295 ax.
1136 2244 1185 2309 gr.
1205 2228 1459 2296 Phauodemum
1471 2227 1562 2295 Heli.

365 2350 439 2417 1.5.
455 2352 516 2435 18),
541 2367 620 2416 enm
643 2350 749 2416 etiam
772 2349 1022 2416 nominavisset
1045 2350 1075 2417 si
1098 2366 1179 2417 enm
1201 2367 1261 2434 pro
1283 2353 1435 2433 praetore
1460 2351 1562 2435 liyti·

361 2472 456 2539 lenae
485 2472 634 2538 adfuisse
656 2471 861 2538 credidisset.
885 2470 1036 2555 Denique
1059 2472 1100 2538 de
1123 2488 1233 2539 errem
1255 2475 1318 2539 aut
1341 2471 1517 2540 mendacio
1540 2489 1563 2540 a

360 2593 464 2678 Lysia
481 2593 629 2660 admisso
648 2593 864 2673 cogitandum
876 2609 943 2659 non
955 2597 1026 2670 est3
1043 2593 1201 2676 quamvis
1212 2592 1309 2675 parvi
1320 2592 1363 2660 ad
1375 2593 1563 2660 veritatem

360 2715 460 2799 pretii
487 2715 561 2782 eius
580 2717 781 2795 argumenta
800 2713 900 2797 vulgo
920 2714 1024 2782 ihisss
1043 2714 1168 2782 dixerit
1186 2714 1308 2798 aliquis
1326 2715 1459 2796 quoties
1481 2718 1563 2782 tubo

361 2836 499 2903 mentiri
518 2834 690 2919 eliceret,
711 2837 811 2918 probe
830 2836 862 2903 ei
881 2836 1070 2903 cavendnm
1090 2835 1196 2903 inisse
1214 2839 1319 2921 patet,
1342 2852 1385 2902 ne
1404 2834 1439 2902 in
1457 2836 1563 2902 rebus

361 2958 502 3043 publicis
531 2975 616 3040 quas
644 2960 810 3040 tangeret,
835 2958 871 3024 in
895 2957 1089 3024 nominibus
1111 2961 1303 3041 praetorum
1326 2961 1362 3024 et
1386 2956 1461 3024 aliis
1483 2957 1563 3024 eius

361 3079 452 3146 modi
472 3080 582 3156 rebus,
601 3080 741 3145 clientes
760 3096 841 3146 suos
859 3077 971 3162 aliqua
989 3079 1106 3145 fraude
1123 3079 1177 3148 uti
1196 3079 1333 3163 sineret,
1353 3078 1451 3145 cuius
1462 3078 1563 3145 facile

361 3202 515 3270 convinci
545 3205 693 3284 possent.
718 3201 886 3268 Universa
908 3201 996 3267 ratio
1018 3200 1180 3269 orationis
1203 3201 1333 3284 probat,
1356 3216 1434 3267 eam
1456 3199 1563 3268 fldem

360 3323 483 3408 Lysiae
516 3323 578 3390 hac
613 3323 648 3389 in
682 3339 718 3389 re
752 3323 941 3390 habendam
974 3339 1058 3408 esse,
1094 3340 1199 3406 quam
1234 3340 1277 3389 ne
1311 3320 1564 3389 Hellenicorum

361 3445 507 3513 auctoris
537 3445 703 3512 dissensio
731 3444 867 3528 quidem
897 3444 1005 3527 possit
1028 3443 1220 3525 intringere.
1244 3444 1419 3511 Praetores
1442 3442 1561 3527 igitur,

362 3568 420 3651 qui
447 3586 478 3635 a.
509 3568 574 3634 406
606 3584 650 3633 ex
680 3566 801 3633 indicio
832 3565 1014 3649 perierunt,
1038 3565 1177 3633 fuerunt
1200 3583 1280 3633 sex:
1307 3567 1323 3630 1
1351 3564 1562 3649 Thrasyllus,

363 3692 382 3757 2
415 3688 606 3756 Erasinides
639 3688 741 3769 (Xan.
766 3687 895 3755 domm.
919 3687 1009 3756 Soor.
1038 3689 1192 3769 1.1.18),
1216 3687 1238 3753 8
1262 3687 1416 3770 Pericles,
1439 3688 1461 3751 4
1486 3687 1564 3755 Dio

362 3811 493 3892 medon,
527 3810 548 3876 5
570 3810 702 3894 Lysias,
727 3812 748 3876 6
772 3809 1001 3876 Aristocrates
1024 3810 1125 3889 (Xen.
1152 3808 1239 3876 Heli.
1267 3811 1295 3874 1.
1311 3809 1342 3873 7.
1356 3809 1387 3885 2,
1411 3807 1563 3876 Philoch.

361 3934 401 4000 fr.
418 3933 479 3998 121
491 3953 500 4015 ς
512 3931 674 3999 Diodorus
689 3931 741 3997 13.
757 3933 832 3998 101.
846 3930 1013 3998 becedam
1027 3931 1181 3998 nominat
1192 3934 1325 4014 praeter
1336 3929 1564 4010 Erasiuidem,

362 4071 504 4138 proquo
524 4052 704 4120 calliadem
724 4053 842 4137 ponit).
867 4052 929 4135 Qui
948 4056 1029 4119 aute
1048 4052 1209 4119 iudicium
1230 4068 1365 4135 peregre
1381 4069 1418 4118 66
1430 4068 1563 4135 recepe

361 4181 439 4245 rant
458 4179 493 4243 et
512 4176 672 4242 absentes
684 4174 1003 4257 condemnatisunt,
1015 4172 1246 4240 irrernntduo:
1272 4172 1561 4258 7Protomachus‚

362 4299 384 4364 8
415 4298 635 4377 Aristogenes
666 4295 768 4380 (Xen.
795 4293 879 4361 Hell.
907 4296 936 4358 1.
950 4298 981 4363 7.
997 4294 1025 4379 l,
1052 4293 1146 4362 Diod.
1169 4294 1191 4360 1.
1203 4295 1250 4379 1.).
1283 4294 1322 4360 In
1354 4294 1563 4374 magistratu

362 4422 528 4489 remansit
549 4437 656 4486 unus:
678 4419 841 4496 9Conon3
859 4421 940 4484 ante
951 4418 1114 4501 praelium
1126 4418 1226 4484 obiit:
1249 4419 1291 4483 10
1303 4417 1562 4485 Archestretus.

406 4543 448 4608 11.
484 4541 540 4608 116
574 4539 760 4606 Platone
794 4538 901 4605 falsi
936 4538 1107 4606 numeri
1137 4541 1328 4606 auctore.
1354 4539 1563 4607 -Falsum

361 4681 542 4731 numerum
577 4664 769 4743 praetorum
797 4661 919 4727 -sed
952 4660 1057 4726 alium
1089 4678 1191 4742 quam
1222 4679 1242 4726 a
1273 4661 1499 4743 Xenophonte
1523 4663 1562 4729 in

362 4785 674 4852 Commentariis-
701 4801 722 4849 a
752 4783 892 4849 Platone
916 4783 950 4848 in
975 4782 1137 4865 Apologia
1160 4781 1307 4848 Socratis
1330 4783 1459 4848 editum
1484 4801 1562 4849 esse
