3848 6006
941 812 987 878 84

360 990 531 1063 daecribo:
577 995 686 1079 „itale
725 994 825 1061 emto
860 993 1033 1078 explicant
1064 994 1234 1076 humerus,
1269 994 1461 1061 bracchium
1496 996 1565 1061 aut

362 1131 499 1199 manns,
534 1118 616 1199 quia
649 1117 692 1182 de
724 1135 859 1200 quaque
891 1118 1118 1201 prominentia
1149 1117 1291 1183 dicam.
1313 1116 1354 1184 ln
1374 1117 1562 1183 umbonem

361 1240 489 1302 meunt
506 1235 653 1304 laminae
670 1239 798 1322 clypei3
816 1256 920 1321 quare
933 1239 965 1304 is
980 1238 1562 1321 rectedicituraaatiaercclypeum

360 1358 473 1440 apelia
494 1362 613 1425 autem
635 1358 804 1442 appellare
825 1358 961 1425 videtur
982 1359 1102 1426 hastas
1123 1360 1274 1426 hostium
1294 1358 1409 1443 clypeo
1423 1358 1562 1426 infixas

361 1479 546 1548 Sententia
575 1481 680 1563 igitur
708 1482 792 1547 haec
812 1481 970 1548 csttlam
991 1480 1198 1562 defatigatus
1218 1480 1315 1547 tarde
1335 1479 1560 1562 progreditur,

361 1601 458 1668 tarde
489 1601 578 1687 ferit,
609 1618 717 1685 neque
746 1600 894 1685 amplius
924 1607 1001 1670 usui
1030 1605 1087 1670 cst
1107 1604 1139 1669 ei
1160 1602 1300 1686 clypeus
1321 1616 1562 1684 usquequaque

363 1723 556 1805 perforatus
578 1727 615 1790 et
636 1724 763 1791 lanceis
784 1723 938 1790 adversis
959 1723 1138 1791 onustus.”
1367 1788 1372 1795 .

408 1844 482 1910 Iam
524 1844 665 1910 tandem
707 1844 895 1911 Garrodum
937 1844 1041 1911 verba
1080 1846 1249 1910 mulctum
1286 1843 1402 1928 spoliis
1434 1844 1561 1912 iniuria

364 1967 522 2033 crucibus
551 1966 710 2049 cinxisse,
743 1965 1000 2032 Lachmannum
1022 1969 1205 2047 namnam,
1229 1964 1433 2046 Madvigium
1456 1965 1560 2031 mule

361 2089 482 2170 mlum,
505 2086 591 2153 alios
612 2087 680 2154 alia
702 2087 830 2153 frustra
851 2086 1042 2167 coniecisse,
1065 2100 1135 2152 una
1153 2103 1210 2152 me
1226 2085 1313 2153 satis
1322 2085 1561 2168 comprobasse

360 2208 501 2274 conlido.
536 2207 630 2290 Quod
662 2208 705 2275 ad
739 2208 801 2274 IX.
840 2206 906 2273 703
939 2212 977 2274 et
1005 2207 1083 2275 VII.
1114 2206 1181 2273 559
1201 2207 1338 2282 attinet
1362 2223 1447 2289 quos
1466 2205 1560 2275 locos

360 2345 440 2395 cum
474 2332 591 2396 nostro
625 2328 776 2396 Vollmer
809 2328 952 2395 conferri
984 2329 1089 2411 iubet,
1123 2328 1190 2395 illic
1219 2328 1363 2395 verbum
1386 2329 1558 2395 notionem

360 2452 531 2519 inficiendi
565 2452 724 2518 exhibere
757 2468 867 2535 neque
902 2448 1060 2518 Vollmen'
1094 2450 1286 2517 coniectura
1314 2466 1427 2515 roseae
1448 2465 1560 2532 neque

362 2573 567 2640 Kohlmanni
602 2576 736 2639 mulcta
769 2590 884 2639 roseae
913 2588 999 2654 opus
1020 2587 1097 2638 esse
1124 2606 1158 2618 -
1185 2570 1240 2637 hic
1263 2570 1404 2636 verbum
1425 2567 1560 2650 vulgari

362 2694 611 2776 significatione
645 2695 796 2776 positum
829 2710 915 2777 esse,
951 2696 1113 2761 neutrum
1148 2691 1252 2772 igit-ur
1284 2690 1350 2757 huc
1374 2689 1559 2773 quidquam

361 2817 542 2901 pertinere,
565 2833 671 2899 supra
692 2817 762 2883 iam
784 2815 913 2883 monui.
1528 2888 1531 2893 ⁴

407 2936 573 3019 Quoniam
604 2937 710 3017 igitur
732 2936 826 3005 notio
848 2935 1082 3020 imminuendi,
1105 2934 1283 3019 atterendi,
1306 2933 1559 3002 comminuendi

360 3057 451 3140 apud
473 3056 626 3124 Statium
648 3058 718 3124 iam
741 3060 888 3141 constat,
911 3074 978 3123 uon
1000 3057 1100 3124 modo
1117 3074 1178 3138 pro
1201 3055 1355 3124 mumndi
1377 3056 1480 3122 verbo
1502 3057 1560 3123 tot

360 3176 441 3245 locis
475 3181 594 3261 poetae
628 3176 719 3246 aliud
757 3178 898 3244 verbum
933 3195 1001 3244 non
1035 3178 1104 3244 iam
1134 3176 1379 3245 obtrudendum
1407 3178 1471 3258 cst,
1495 3177 1557 3244 sed

360 3299 465 3366 etiam
496 3299 638 3366 verbum
669 3315 829 3383 reponem
851 3299 929 3367 licet
951 3299 1019 3381 nbi,
1043 3298 1131 3366 male
1152 3298 1278 3366 lectum
1303 3298 1558 3366 intellectumve

360 3435 439 3486 cum
460 3423 553 3488 esset
574 3424 636 3488 aut
658 3421 724 3488 aiio
746 3422 892 3504 quodam
913 3421 1015 3489 verbo
1032 3419 1251 3505 illustratum,
1264 3418 1559 3487 sivelibmriomm

361 3539 553 3620 ignorantia
578 3544 777 3625 corruptum
800 3543 873 3610 aive
896 3542 1027 3609 incuria
1048 3540 1178 3623 glossae
1199 3541 1310 3609 locum
1329 3541 1445 3609 cedere
1465 3557 1557 3608 coac·

361 3662 437 3727 tum
457 3667 522 3729 est.
542 3662 658 3731 Veluti
677 3664 719 3730 de
738 3664 825 3730 silva
840 3663 987 3748 quadam
999 3667 1140 3730 vetusta
1149 3662 1273 3730 dicitur
1284 3663 1385 3730 Theb.
1397 3662 1456 3730 IV.
1469 3664 1556 3731 421:

657 3784 747 3851 haud
770 3784 863 3850 illam
886 3784 1025 3852 brumae
1048 3784 1252 3866 minuere,
1277 3783 1431 3853 Notusve

452 3903 508 3970 ius
531 3904 633 3972 habet
655 3909 717 3973 aut
741 3906 860 3974 Getica
878 3908 1002 3973 Boreas
1020 3907 1190 3990 impactus
1204 3907 1247 3975 ab
1259 3907 1357 3975 Ursa

408 4023 536 4092 Garrod
558 4025 600 4092 ad
623 4027 713 4094 hunc
730 4028 841 4095 locum
860 4027 1059 4095 annotavit:
1080 4029 1253 4115 „minuere
1265 4026 1413 4096 vixferri
1424 4030 1556 4111 potest:

360 4143 525 4211 minumae
549 4144 769 4230 Peyraredus.
793 4146 857 4214 Sed
881 4149 1034 4214 minuere
1051 4147 1164 4230 glossa
1181 4153 1246 4234 est,
1262 4147 1555 4218 fortasselidcrc”.

407 4262 573 4348 corrupta
608 4266 708 4335 lectio
743 4272 861 4335 utrum
894 4285 914 4335 e
947 4269 1059 4350 glossa
1091 4274 1174 4339 nata
1204 4271 1251 4339 ait
1279 4289 1325 4338 an
1351 4288 1412 4354 pro
1431 4270 1556 4340 mendo

359 4382 483 4451 librarii
519 4387 681 4473 habenda,
718 4389 778 4455 vix
813 4390 987 4458 diiudicari
1010 4409 1101 4460 nunc
1124 4396 1250 4476 potest,
1272 4393 1331 4459 sed
1354 4392 1556 4477 quicumque

359 4504 447 4571 hanc
468 4505 795 4589 disputatiunculam
817 4527 897 4577 cum
915 4512 1021 4579 animi
1041 4515 1234 4582 attentione
1246 4512 1431 4600 perlegerit
1442 4512 1556 4581 Statio

358 4640 460 4690 suum
482 4627 645 4696 continuo
667 4630 838 4715 restituet,
860 4632 1002 4701 scilicet:
1027 4639 1211 4703 mutare.
