3848 6006
920 818 985 885 342

403 998 448 1065 nt
471 999 570 1081 paulo
591 1001 670 1082 post
692 1000 820 1084 pergit:

834 1122 1053 1191 Mediocribus
1074 1139 1152 1204 orgo
1174 1121 1275 1190 lutati

450 1242 631 1312 Parcemus
653 1243 759 1330 viciis,
783 1245 912 1312 etenim
933 1226 1125 1313 communia
1146 1244 1243 1312 nobis

449 1363 696 1448 Impunitatem
717 1365 855 1433 iaciunt.

405 1609 519 1693 Poeta,
549 1609 639 1677 haud
670 1609 851 1678 deterritus
881 1610 1055 1678 Monitoris
1083 1610 1270 1677 minacibus
1293 1608 1415 1686 verbis,
1437 1623 1553 1675 mona

359 1730 498 1798 chorum
528 1747 639 1799 mores
664 1731 821 1814 castigat.
848 1731 1022 1817 Describit,
1046 1731 1209 1815 quomodo
1232 1731 1382 1814 abbates,
1405 1745 1553 1812 quorum

359 1853 502 1936 pingues
531 1854 670 1920 ventres
699 1854 890 1922 albentibus
920 1854 1074 1922 vestibus
1108 1855 1299 1935 cinguntur,
1335 1852 1400 1919 sibi
1434 1851 1555 1918 domos

359 1973 544 2060 aedificent,
569 1974 770 2056 quibuscum
793 1975 903 2056 regias
925 1993 1118 2058 comparare
1137 1976 1317 2058 possimus.
1341 1972 1375 2040 Si
1398 1991 1554 2060 quaeras,

360 2095 440 2178 quid
464 2097 559 2163 intus
581 2096 669 2165 celsa
691 2097 780 2166 atria
803 2097 957 2182 habeant,
982 2099 1064 2165 haec
1087 2100 1219 2166 narrat:

832 2219 897 2286 Hic
919 2218 1050 2301 fulgent
1072 2222 1257 2286 stemmata
1279 2235 1416 2302 regum,

451 2340 516 2407 Hic
539 2340 621 2408 duro
644 2339 779 2407 Alcides
800 2340 936 2408 domina
958 2345 1137 2409 resonante
1160 2339 1286 2422 flagello

452 2462 561 2530 Pensa
583 2462 686 2530 miser
708 2465 845 2545 torquet
852 2482 861 2545 ;
885 2462 1039 2530 Priamus
1061 2463 1154 2530 fovet
1176 2462 1294 2545 hicque
1316 2460 1522 2540 Lacaenam,

452 2583 519 2651 Hic
541 2583 666 2650 Veneri
688 2583 797 2650 iratus
819 2583 995 2650 Vulcanus
1018 2583 1151 2650 vincula
1173 2583 1291 2660 nectit,

452 2703 586 2771 Scilicet
608 2705 683 2787 ipsa
706 2703 821 2772 minus
842 2706 966 2773 natura
987 2703 1123 2772 libidine
1145 2705 1275 2788 pungit.

407 2824 447 2891 In
478 2824 580 2893 tertia
612 2825 763 2893 Montani
793 2825 909 2903 satira,
932 2841 1017 2909 quae
1041 2843 1103 2894 nos
1124 2826 1222 2894 docet
1244 2826 1353 2893 vitare
1376 2826 1560 2906 Venerem,

361 2963 472 3014 sermo
501 2951 556 3014 est
586 2947 627 3014 de
656 2946 721 3014 diis
750 2947 858 3014 amori
888 2947 1126 3031 servientibus,
1157 2947 1206 3014 ita
1235 2951 1276 3015 ut
1304 2949 1345 3016 do
1376 2949 1443 3016 diis
1467 2949 1560 3017 servi

362 3068 442 3136 facti
466 3068 546 3136 sint.
571 3070 689 3136 Venus
708 3068 863 3145 Martem,
883 3067 1015 3150 lluropa
1034 3067 1150 3135 Iovem
1169 3069 1281 3152 ipsum
1301 3069 1443 3137 rationis
1462 3085 1561 3151 egen·

363 3193 435 3258 tem
457 3190 601 3259 reddidit
624 3193 676 3258 et:

454 3312 590 3380 Tertius
611 3329 632 3379 a
655 3311 784 3380 decimo
806 3312 929 3380 fortem
953 3312 1081 3380 domito
1103 3312 1196 3380 labor
1218 3313 1296 3380 orbe

453 3433 596 3500 Destitit
619 3432 777 3501 Alciden:
801 3433 1002 3518 dominaque
1024 3437 1169 3502 sonante
1192 3433 1318 3516 flagello

454 3554 564 3622 Pensa
586 3554 690 3621 misor
714 3555 825 3641 torsit,
849 3555 931 3622 caeli
954 3556 1009 3639 qui
1034 3554 1174 3622 sustulit
1196 3572 1319 3623 arcem.

409 3798 566 3866 Nondum
590 3799 713 3882 omnia,
740 3816 826 3882 quae
850 3801 927 3883 quis
950 3800 985 3866 in
1009 3801 1249 3868 monachorum
1272 3800 1410 3868 aedibus
1432 3803 1564 3883 magni-

363 3921 438 3989 ficis
459 3922 638 3989 observare
660 3924 786 4005 posset,
810 3926 926 3989 noster
948 3923 1168 3989 enumeravit.

455 4043 566 4110 Audio
590 4043 784 4126 cornipedes
808 4044 1007 4126 phaleratos,
1032 4044 1132 4111 audio
1155 4045 1290 4111 tristem

456 4165 562 4247 Quem
585 4164 645 4231 dat
668 4164 770 4231 herba
792 4183 917 4231 canum
940 4167 1089 4232 sonitum
1114 4167 1331 4248 volucresque
1354 4183 1504 4249 rapaces.

409 4287 495 4370 Quid
518 4287 565 4353 sit
591 4287 713 4373 „barbo
732 4288 886 4369 canum”,
908 4304 976 4354 non
996 4288 1150 4368 intellego
1170 4306 1233 4355 nec
1251 4289 1348 4355 credo
1366 4307 1565 4372 quenquam

364 4408 565 4490 intellegere.
590 4409 732 4490 Scripsit
751 4413 849 4491 poeta
868 4413 958 4476 teste
976 4414 1093 4486 metro,
1106 4410 1173 4476 nisi
1184 4409 1295 4477 fallor:
1309 4411 1410 4477 terta
1421 4428 1563 4479 canum.

410 4639 594 4720 Postquam
612 4638 765 4721 Monitor,
788 4639 919 4704 veritus
940 4656 981 4704 ne
1002 4643 1100 4721 poeta
1122 4639 1223 4705 nimis
1244 4639 1565 4721 longeprogredere·

366 4764 430 4842 tur,
450 4778 529 4828 eum
550 4759 676 4827 frustra
695 4777 842 4827 coercere
854 4764 996 4827 conatus
1008 4764 1071 4837 est,
1084 4760 1125 4826 de
1137 4759 1384 4843 luxuriaatque
1396 4761 1565 4828 ebrietate
