3848 6006
936 812 1002 878 416

369 993 537 1062 obiectum
555 993 695 1061 iudicari
714 993 860 1060 dedecet.
881 991 955 1059 Iam
975 994 1028 1060 bis
1047 988 1142 1076 ἅλες,
1163 992 1267 1060 semel
1279 991 1358 1059 obri
1369 995 1565 1078 praecessit.

370 1116 451 1183 Mihi
481 1117 585 1198 igitur
614 1116 707 1183 istud
738 1112 805 1180 aira
828 1116 983 1199 spurium
1004 1132 1079 1183 esse
1101 1117 1246 1183 constat.
1271 1115 1335 1183 Sed
1357 1115 1449 1183 unde
1472 1117 1508 1183 in
1531 1116 1567 1183 ii·

368 1237 446 1306 bros
475 1238 636 1322 irrepsit?
667 1237 880 1321 Responsum
910 1241 1045 1321 praesto
1073 1253 1148 1305 esse
1172 1237 1316 1304 videtur.
1347 1237 1466 1305 Altera
1486 1256 1566 1321 pars

368 1363 559 1428 sententiae
589 1360 691 1427 habet
718 1360 791 1426 vim
813 1359 1075 1427 adversativam.
1098 1359 1248 1427 Concedo
1270 1364 1361 1428 certe
1383 1359 1471 1427 hanc
1493 1361 1566 1427 vim

368 1483 489 1550 iamin
508 1480 578 1549 sola
596 1481 761 1566 particula
779 1481 834 1546 nai
852 1482 965 1549 inesse
983 1498 1090 1565 posse,
1111 1485 1153 1548 ut
1171 1481 1234 1548 loci
1253 1481 1316 1549 iic.
1330 1482 1434 1566 7:24,
1453 1482 1565 1549 12:12

367 1606 499 1673 docent.
524 1604 588 1672 Sed
612 1602 699 1668 ἀλλά
724 1621 826 1687 quam
850 1603 904 1667 nai
922 1604 1029 1686 legere
1048 1604 1218 1672 malimus.
1242 1604 1364 1686 Quidni
1383 1604 1566 1671 coniuncta

367 1725 457 1792 ἀλλὰ
489 1726 567 1791 nai?
597 1727 689 1794 Haec
718 1726 784 1795 duo
814 1725 950 1810 saepius
973 1729 1105 1794 coeunt
1138 1725 1405 1804 cth.12:7‚
1432 1726 1563 1811 16:21,

369 1849 410 1914 24
425 1867 433 1914 :
448 1849 501 1914 22.
533 1847 606 1915 Nou
638 1849 707 1915 iam
737 1849 946 1933 quaerendae
975 1849 1038 1916 hae
1068 1847 1262 1931 particulae.
1286 1848 1395 1915 Immo
1417 1849 1562 1915 adsunt!

367 1970 406 2038 Iu
438 1966 503 2036 ἕλε
528 1970 614 2037 latet
637 1969 736 2036 ἀλλά.
766 1969 939 2037 Librarius
960 1971 1097 2054 quidam
1120 1970 1243 2037 infelici
1267 1987 1370 2037 manu
1394 1970 1564 2038 obiectum

367 2093 488 2160 addere
507 2096 649 2160 conatus
666 2096 732 2159 est.
752 2093 816 2160 Pro
829 2101 961 2170 λΛΑλ,
974 2110 1042 2160 una
1053 2091 1413 2159 tantummodolittera
1425 2092 1562 2177 omissa,

367 2223 456 2281 ΛΛΑ
483 2215 628 2299 scripsit.
653 2215 689 2282 Si
712 2215 855 2296 legimus
878 2210 971 2294 ἔχετε
996 2223 1056 2295 (sc.
1081 2212 1173 2293 αὐτὸ)
1197 2212 1226 2277 ἐν
1244 2212 1378 2291 ἑαυτοῖς,
1397 2212 1486 2277 ἀλλὰ
1508 2212 1562 2278 καὶ

366 2335 534 2417 εΙρενεύετε
557 2337 586 2401 iv
611 2337 760 2413 ἀλλήλοις
784 2354 857 2404 16111
879 2335 1075 2420 expeditam
1098 2336 1272 2403 habemus.

501 2583 555 2649 Ad
579 2581 781 2666 Apocalyps.
806 2585 917 2650 9:11.

409 2704 526 2788 Lippis
544 2722 584 2772 ac
606 2705 800 2771 tonsoribus
823 2707 942 2771 notum
961 2720 1037 2771 esse
1056 2704 1199 2771 arbitror
1218 2703 1455 2788 Apocalypsin,
1474 2721 1561 2787 quae

364 2826 488 2893 dicitur
516 2825 661 2907 Ioannis,
692 2824 898 2892 soloecismis
928 2828 1068 2893 scatere.
1099 2826 1229 2892 Auctor
1258 2824 1381 2891 bellum
1415 2841 1560 2908 perenne

363 2948 527 3015 adversus
558 2946 737 3015 nominum
766 2964 866 3014 casus
889 2947 1025 3028 gerebat
1048 2962 1109 3014 nec
1132 2947 1241 3013 victor
1262 2947 1388 3014 abibat
1412 2946 1486 3014 Non
1511 2951 1560 3014 ta·

364 3086 443 3138 men
466 3086 599 3154 semper
621 3068 727 3136 falsus
749 3071 813 3135 est.
836 3068 876 3135 In
900 3084 976 3136 mea
998 3068 1040 3135 N.
1064 3068 1101 3135 Τ.
1126 3068 1349 3150 grammatica
1368 3069 1557 3150 (uaueigcn

363 3191 422 3259 des
447 3191 487 3258 N.
507 3191 544 3258 Τ.
568 3210 601 3275 p.
623 3191 741 3273 1096.)
771 3192 805 3259 111
829 3191 942 3258 verbis
965 3187 1060 3268 tropa
1083 3188 1152 3272 ἔχει
1176 3189 1360 3257 ’uxoratur
1383 3193 1560 3260 nominati·

364 3330 446 3382 vum
467 3330 584 3381 casum
602 3314 796 3381 accusativo
814 3314 929 3381 cedere
948 3330 1017 3381 non
1035 3314 1154 3381 debere
1174 3313 1331 3381 indicavi.
1352 3313 1440 3382 Nam
1455 3315 1559 3383 verba

362 3433 543 3513 λαμβάνειν
574 3436 610 3502 et
641 3432 725 3516 ἔχειν
753 3436 889 3518 passiva
920 3452 1013 3502 mera
1035 3436 1129 3503 verbi
1151 3432 1263 3500 istim
1288 3436 1439 3504 habenda
1462 3441 1558 3504 sunt.

362 3559 481 3642 Itaque
510 3555 605 3635 tropa
637 3555 701 3638 ἔχω
729 3561 784 3624 est
806 3558 982 3640 passivum
1005 3557 1152 3624 nominis
1173 3557 1284 3624 dandi.
1315 3558 1409 3625 Idem
1432 3561 1487 3626 est
1508 3563 1558 3627 at

361 3697 427 3763 que
446 3677 557 3757 ἀκούω,
576 3674 771 3760 χρηματίζοι,
792 3680 962 3756 rabodum,
983 3677 1184 3759 ὀνομάζομαι.
1208 3679 1289 3761 Quis
1307 3680 1442 3761 indigne
1461 3682 1558 3761 feret,

361 3800 392 3868 si
421 3801 608 3868 dixerimus
640 3799 823 3867 ’λπολλύων
855 3798 1059 3875 eripueras?
1089 3801 1143 3868 Ad
1174 3819 1223 3884 ea,
1252 3819 1339 3885 quaa
1362 3802 1406 3869 11.
1429 3804 1470 3871 de
1493 3804 1558 3871 hac

361 3939 398 3990 re
420 3922 548 4007 scripsi,
573 3921 767 4006 exemplum
784 3940 804 3990 e
823 3922 938 4003 lingua
960 3924 1082 3991 Latina
1102 3924 1297 3991 desumtum
1314 3925 1444 3992 adicere
1462 3926 1557 3993 libet.

360 4043 399 4110 In
431 4044 541 4111 Ovidii
572 4044 709 4112 Metam.
739 4044 765 4127 I,
800 4046 864 4111 169
896 4061 1031 4126 prorsus
1061 4045 1217 4113 similiter
1246 4062 1301 4113 res
1331 4062 1407 4114 sese
1440 4047 1554 4116 babet.

360 4166 410 4233 Ibi
447 4167 569 4254 „lucica
603 4185 728 4235 nomeu
763 4167 887 4234 habet”
919 4166 1074 4249 legimus.
1109 4166 1179 4236 Nec
1213 4169 1403 4255 quisquam,
1428 4170 1556 4255 opinor,

363 4287 542 4377 „brucum”
565 4288 718 4371 legamus
740 4289 906 4358 suadebit.
