3848 6006
139 1776 145 1783 '
289 1773 340 1854 lle
368 1774 538 1855 orelloue
565 1776 632 1880 περὶ
659 1772 864 1873 Ἁλοννήσου,
894 1795 988 1875 quae
1017 1774 1156 1873 diodor,
1186 1773 1391 1875 uopearppo

648 1913 787 1994 oratori
817 1911 1042 1996 vindicanda

786 2138 900 2176 “imm

598 2300 843 2368 uauufluus
867 2301 1087 2369 VALETON.

292 2769 393 2851 Nihil,
424 2772 475 2840 ait
505 2772 628 2855 cicero,
660 2773 769 2840 otiosa
798 2776 974 2840 senectute
1005 2774 1194 2850 iucundius,
1222 2773 1252 2840 si
1275 2776 1439 2856 tanquam

247 2892 407 2976 pabulum
429 2893 562 2977 aliquod
585 2894 690 2961 studii
714 2898 817 2977 atque
839 2894 1011 2961 doctrinae
1034 2895 1147 2961 habet.
1172 2895 1243 2962 Hoc
1266 2896 1296 2961 ai
1319 2912 1438 2961 verum

245 3018 310 3097 eat,
329 3019 371 3082 ui
389 3018 444 3082 est
461 3032 544 3082 saue
559 3016 788 3099 verissimum,
802 3016 884 3100 Tibi,
899 3016 1091 3083 Clarissima
1103 3016 1224 3092 Naber‚
1237 3016 1440 3096 octogesimo

245 3135 315 3203 iam
345 3153 436 3204 auno
466 3139 602 3220 peracto
639 3140 679 3203 ut
709 3137 764 3203 cui
795 3137 943 3203 maxime
972 3137 1135 3217 gratulari
1163 3138 1268 3204 decet.
1293 3137 1439 3203 crudam

244 3258 319 3339 agis
339 3262 551 3325 senectutem
569 3276 610 3325 ac
628 3258 781 3337 viridem,
805 3276 909 3341 quam
929 3259 1056 3340 siquid
1076 3257 1192 3325 valent
1211 3262 1329 3325 nostra
1349 3262 1437 3341 vola,

243 3379 288 3447 ad
311 3384 505 3449 extremum
527 3397 634 3464 usque
656 3381 759 3448 linem
781 3382 907 3449 aciatis
928 3381 1096 3448 humanae
1115 3381 1337 3464 producturae
1356 3384 1440 3447 suut

245 3500 392 3569 Sorores.

290 3622 388 3690 Nunc
418 3640 506 3706 vero,
539 3624 674 3690 honoris
705 3622 770 3689 'l'ui
800 3640 913 3701 causa,
944 3624 1108 3690 conscribi
1141 3624 1265 3706 aliquid
1296 3627 1438 3706 oportet.

246 3744 350 3812 cuius
383 3744 537 3829 equidem
573 3746 673 3813 oflicii
703 3744 925 3812 libentissime
956 3746 1125 3828 particeps
1154 3746 1339 3813 orationem
1371 3746 1437 3826 περὶ

247 3865 439 3949 Ἁλοννήσου,
471 3884 558 3950 quae
587 3865 719 3949 dicitur,
751 3885 854 3950 quam
885 3867 963 3933 iude
992 3884 1013 3934 a
1043 3868 1182 3934 Libauio
1212 3885 1330 3935 omues
1358 3873 1440 3937 aute

245 3986 439 4055 Belochium
469 4005 502 4055 v.
526 3989 566 4056 cl.
597 3988 656 4072 qui
686 3989 726 4055 de
757 4006 797 4055 ea
827 4005 863 4054 re
894 3992 1037 4069 egerunt
1053 3986 1077 4075 ¹)
1104 3989 1293 4073 Hegesippo
1315 3991 1440 4058 oratori

244 4108 410 4192 mouent,
434 4108 512 4176 huic
535 4110 578 4176 ab
601 4109 656 4176 illo
679 4110 866 4176 detractam
879 4108 917 4195 ²),
940 4109 1075 4176 reddere
1098 4111 1251 4177 conabor.

290 4228 334 4294 lli
368 4230 515 4311 primum
548 4229 684 4313 quidem
714 4231 775 4298 hoo
804 4233 951 4312 constal,
982 4231 1039 4313 qui
1071 4248 1147 4298 eam
1178 4233 1349 4315 scripserit
1378 4236 1440 4300 aul

244 4351 356 4435 ipsum
378 4350 484 4418 luisse
506 4353 745 4438 Hegesippum,
770 4357 832 4421 aut
855 4371 914 4436 pro
937 4370 976 4420 eo
1000 4354 1148 4420 voluisse
1171 4354 1296 4421 haberi.
1324 4354 1440 4436 Loqui·

244 4476 302 4541 tur
332 4473 425 4542 enim
458 4474 594 4543 desua
628 4476 671 4542 ad
705 4492 819 4560 regem
855 4476 1048 4559 Philippum
1083 4477 1249 4557 legatione
1263 4473 1298 4561 ⁸),
1334 4476 1441 4543 solam

279 4702 304 4765 1)
320 4701 421 4752 Pnelcr
437 4699 501 4752 alios
517 4700 628 4752 Vosmel.
645 4717 670 4752 r.
687 4701 712 4752 d.
728 4701 895 4767 prolegomen.
913 4701 945 4752 sd
964 4705 1027 4752 orel.
1044 4701 1074 4752 de
1091 4700 1200 4752 Halone.

278 4784 303 4848 2)
320 4784 362 4836 Gr.
380 4784 468 4835 Gouola.
486 4782 511 4834 ΙΙ
526 4800 552 4850 p.
571 4784 619 4834 689
638 4784 663 4834 iu
682 4800 740 4835 anu.
757 4784 781 4836 1.

280 4867 305 4932 8)
320 4865 453 4919 rnorem
468 4873 532 4919 aare
549 4883 604 4918 um
619 4867 742 4932 siguificat
758 4869 783 4919 a.
