4144 6154
1175 930 1243 998 400

613 1118 773 1202 estquod
794 1117 891 1186 modo
910 1115 1151 1200 demonstravi,
1169 1114 1257 1198 quod
1276 1115 1402 1198 partim
1420 1112 1640 1197 Xenophonti
1654 1112 1715 1196 qui
1732 1116 1809 1180 octo

613 1243 785 1324 praetores
818 1237 931 1306 navali
964 1253 1096 1321 pugnae
1126 1237 1322 1305 intermisse
1344 1236 1503 1320 traderet,
1527 1235 1653 1318 partim
1675 1235 1810 1302 Platoni

613 1363 671 1448 qui
700 1362 816 1429 dsoem
845 1359 1087 1429 condemnatos
1116 1375 1192 1428 esse
1221 1359 1331 1427 dicere
1353 1358 1386 1426 ei
1407 1357 1590 1434 videretur,
1615 1358 1809 1440 obsecutus,

613 1483 739 1567 aliquid
761 1482 839 1551 inde
857 1482 1008 1560 deduxit.
1027 1481 1116 1564 quod
1134 1479 1263 1549 nemini
1281 1497 1445 1565 umquam
1464 1479 1585 1564 populo
1605 1477 1809 1546 Atheniensi

613 1605 783 1689 imputare
813 1605 848 1672 in
879 1607 1032 1672 mentem
1054 1604 1216 1687 venisset,
1239 1603 1328 1686 quod
1350 1603 1527 1685 scripsisse
1547 1601 1663 1686 ipsum
1683 1602 1809 1685 pudere

613 1729 773 1812 oportuit.
797 1729 879 1796 llius
901 1743 1078 1811 perversae
1097 1725 1238 1795 rationis
1254 1726 1360 1793 etiam
1377 1724 1444 1792 alia
1461 1724 1550 1809 apud
1568 1740 1650 1791 eum
1668 1726 1809 1792 exstant

613 1848 736 1917 indicia
758 1849 845 1916 satis
868 1849 986 1932 multa,
1010 1865 1217 1932 quamquam
1240 1845 1372 1915 nullum
1395 1846 1486 1915 alind
1509 1849 1574 1929 est,
1598 1846 1688 1930 quod
1710 1845 1809 1914 ratio·

613 1970 668 2037 nis
691 1971 948 2054 perversitatem
971 1974 1045 2038 tam
1067 1971 1154 2038 clare
1176 1987 1255 2054 prae
1277 1987 1315 2037 ss
1338 1968 1434 2037 ferat
1457 1967 1522 2036 Sed
1541 1967 1584 2036 ad
1603 1967 1808 2051 imperitiam

613 2093 807 2161 auctoribus
836 2092 920 2160 bene
949 2093 1077 2178 utendi,
1109 2089 1201 2159 aliud
1230 2092 1336 2160 etiam
1365 2091 1492 2174 aliquid
1520 2090 1558 2157 iu
1587 2107 1627 2157 eo
1652 2089 1808 2158 accedere

614 2214 697 2284 mihi
727 2215 872 2284 ridetur.
902 2215 1038 2283 Errores
1067 2215 1152 2296 eius,
1176 2231 1261 2298 quos
1283 2213 1405 2281 reterre
1428 2231 1495 2282 non
1517 2211 1596 2280 licet
1617 2213 1660 2279 ad
1684 2211 1809 2279 malam

614 2335 724 2420 fldem,
745 2335 854 2404 multo
873 2336 988 2404 minus
1006 2337 1049 2403 ad
1069 2335 1264 2414 stultitiam,
1284 2335 1396 2418 aliqua
1409 2353 1453 2404 ex
1465 2338 1561 2419 parta
1572 2335 1695 2403 referre
1706 2332 1808 2402 velim

613 2460 657 2528 ad
686 2461 874 2528 vanitatem
906 2459 1060 2540 magistri
1089 2458 1244 2528 laudibus
1273 2458 1464 2542 laureisque
1487 2457 1628 2540 assueti,
1649 2456 1708 2539 qul
1730 2472 1809 2524 cum

615 2583 650 2650 in
673 2582 829 2651 omnihus
850 2581 1034 2667 disciplinis
1056 2581 1247 2650 incredibile
1269 2585 1436 2666 quantum
1458 2579 1654 2664 profecisset
1676 2577 1810 2660 ingenio

615 2707 652 2772 et
681 2704 842 2789 doctrina,
877 2703 913 2771 in
942 2703 1083 2772 historia
1109 2702 1230 2770 mmssis
1260 2701 1383 2784 portae
1413 2701 1634 2786 reportandae
1655 2699 1809 2782 cupidus,

615 2823 756 2893 nimiam
791 2841 928 2909 operam
961 2824 1089 2892 dederit
1123 2825 1348 2892 ostentandae
1380 2823 1562 2891 doctrinae.
1596 2821 1808 2904 Aristoteles,

615 2945 896 3029 quemadmodum
925 2963 988 3014 sno
1017 2946 1089 3013 iure
1111 2963 1196 3014 suus
1218 2961 1295 3014 osse
1317 2946 1447 3013 solebat
1469 2945 1505 3012 in
1528 2943 1749 3028 philosophia.
1773 2943 1810 3010 in

615 3065 757 3136 historia
776 3067 931 3154 naturali,
956 3067 991 3135 in
1014 3071 1089 3136 tum
1110 3068 1230 3135 multis
1254 3067 1330 3135 aliis
1352 3067 1546 3152 disciplinis,
1572 3067 1676 3134 nimis
1699 3066 1806 3134 etiam

616 3205 701 3256 suus
719 3205 795 3257 esse
813 3188 922 3257 voluit
939 3189 975 3257 in
995 3189 1097 3258 rebus
1115 3189 1223 3272 gestis
1241 3189 1422 3258 memoriae
1438 3188 1619 3274 tradendis,
1637 3191 1674 3256 in
1685 3189 1810 3273 quihus

617 3329 716 3384 nemo
744 3311 843 3396 plane
865 3329 950 3380 suus
972 3329 1046 3380 esse
1068 3315 1191 3398 potest,
1216 3313 1484 3398 quandoquidem
1503 3312 1645 3380 historia
1663 3330 1708 3381 ex
1727 3312 1811 3379 veri-

616 3436 691 3503 tate
721 3451 834 3502 rernm
864 3434 1067 3502 traditarum
1097 3435 1242 3518 pendere
1271 3434 1381 3503 dehet.
1404 3434 1459 3502 Ita
1481 3433 1612 3502 iactum
1633 3435 1752 3502 estut
1775 3434 1810 3500 in

617 3557 783 3624 novandis
815 3556 1053 3626 traditionibus
1086 3557 1212 3625 nimius
1244 3560 1352 3636 esset;
1389 3560 1431 3625 ut
1465 3556 1569 3624 nollet
1602 3572 1642 3624 se
1670 3557 1714 3623 ab
1744 3554 1811 3624 ullo

615 3681 754 3746 auctora
776 3678 920 3762 pendere
941 3678 1130 3747 existimari
1153 3696 1175 3745 a
1197 3678 1378 3746 lectoribus
1401 3677 1490 3758 suis3
1514 3681 1556 3746 ut
1574 3677 1708 3762 plurimi
1728 3679 1813 3747 lace·

617 3802 670 3867 ret
700 3799 750 3867 eis
780 3799 979 3878 ostendisse,
1008 3800 1139 3868 nullum
1170 3799 1399 3885 Thucydidem
1426 3817 1501 3869 csse
1524 3804 1598 3870 tam
1620 3818 1736 3868 rerum
1758 3819 1814 3885 pe-

617 3920 732 4007 ritum,
756 3919 888 3988 nullum
909 3921 1120 3990 Herodotum
1142 3925 1216 3991 tam
1237 3923 1428 4002 candidum,
1451 3923 1584 3991 nullum
1606 3923 1812 4008 Xenophon·

619 4046 692 4112 tem
719 4045 792 4112 tam
824 4044 931 4112 bonas
961 4043 1047 4130 ddei,
1079 4044 1209 4114 nullum
1239 4045 1485 4114 Androtionem
1506 4049 1580 4115 tam
1603 4045 1810 4129 diligentem,

617 4183 720 4250 quem
743 4167 811 4234 non
834 4166 906 4251 ipse
928 4170 1044 4251 posset
1065 4168 1314 4252 reprehendere,
1339 4169 1526 4253 emendare,
1552 4169 1718 4254 supplere,
1741 4169 1813 4238 doc

619 4289 710 4356 trina
728 4287 870 4372 denique
888 4291 925 4356 et
942 4287 1076 4370 ingenio
1096 4307 1263 4375 superare.
1284 4291 1356 4359 lali
1374 4292 1488 4359 studio
1506 4291 1692 4359 adductum
1707 4292 1813 4361 stiam

619 4409 849 4488 Aristotalom,
880 4426 1056 4478 summum
1085 4413 1239 4480 omnium
1268 4411 1520 4497 disciplinarum
1549 4413 1742 4497 auspicem,
1777 4413 1812 4480 in

619 4531 796 4599 levitatem
825 4535 862 4600 et
893 4533 965 4601 veri
993 4534 1158 4602 incuriam
1180 4534 1325 4605 incidere
1348 4537 1498 4619 potuisse
1521 4535 1687 4618 intellego,
1710 4539 1748 4604 st
1769 4537 1812 4604 ah

620 4669 659 4720 eo
681 4653 769 4735 quod
791 4669 835 4720 ex
855 4653 961 4722 animi
984 4656 1155 4725 sententia
1177 4657 1249 4742 ipsa
1271 4675 1330 4742 pro
1354 4675 1435 4726 vero
1456 4658 1577 4728 habere
1600 4661 1727 4743 posset,
1751 4659 1811 4726 im·

620 4774 820 4859 prudentem
842 4775 940 4857 longe
961 4778 1124 4847 aberrare.

667 4895 731 4963 Hic
753 4895 823 4965 iam
844 4899 948 4966 finem
970 4901 1064 4969 facio.
1090 4901 1256 4988 Vidimus,
1279 4903 1316 4970 in
1338 4904 1500 4973 tradendo
1522 4921 1663 4973 numero
1686 4907 1812 4990 praeto
