4070 6138
836 918 899 986 171

267 1099 340 1168 lieri
361 1099 515 1168 debebat.
538 1098 632 1184 Quod
654 1117 806 1184 unquam
828 1101 958 1170 iactum
979 1117 1055 1168 esse
1072 1117 1194 1184 pamm
1212 1092 1381 1181 probabile
1399 1096 1463 1162 est.

268 1219 304 1290 Si
327 1239 408 1292 vero
429 1223 599 1306 equestria
620 1240 643 1291 a
665 1223 834 1308 gymnicis
855 1223 958 1291 unius
978 1223 1191 1306 pluriumque
1213 1221 1344 1289 dierum
1363 1218 1463 1284 inter·

268 1343 357 1412 vallo
376 1344 631 1427 separabantur,
648 1345 722 1428 jam
737 1347 835 1427 patet
845 1344 1011 1428 quomodo
1022 1345 1159 1412 Orestes
1170 1341 1258 1427 apud
1271 1339 1465 1424 Sophoclem

268 1469 347 1548 boel
377 1466 537 1550 gymnica
566 1461 668 1541 ὶλλιι
700 1465 816 1547 ἡμέρας
847 1465 964 1534 iniisse
995 1465 1164 1550 equestria
1190 1463 1377 1532 certamtna
1398 1459 1464 1528 dici

267 1589 431 1670 potuerit
965 1625 968 1634 ,

313 1709 442 1778 Aetate
474 1709 578 1791 igitur
610 1709 782 1794 Sophoclis
812 1710 882 1778 ludi
911 1709 1046 1795 Pythici
1076 1709 1236 1794 bipartito
1266 1707 1463 1788 agebantur.

267 1829 565 1899 animadverteris
583 1835 700 1900 mmeu
720 1833 929 1916 temporibus
947 1849 1078 1916 qnoque
1096 1831 1322 1899 anterioribus
1333 1829 1368 1896 in
1379 1827 1464 1896 duas

267 1955 385 2036 partae
403 1969 462 2020 ees
480 1950 607 2021 divisos
627 1953 741 2036 luisse,
762 1958 846 2022 tuuc
862 1957 977 2021 umen
989 1953 1215 2022 certaminum
1226 1949 1464 2019 distributione

266 2071 414 2141 diversa.
446 2073 581 2140 Pindari
611 2075 704 2141 enim
725 2076 849 2153 aetate,
873 2077 915 2142 ut
937 2073 1096 2152 vidimus,
1120 2073 1274 2142 Cirrham
1297 2089 1364 2140 uon
1386 2074 1465 2155 poet

267 2193 327 2262 sed
358 2198 442 2262 ante
472 2195 659 2262 certamina
680 2196 838 2279 gymnica
859 2193 1131 2264 descendebatur.
1161 2193 1226 2262 Sed
1245 2193 1316 2276 jam
1340 2191 1464 2276 perspi·

267 2315 357 2382 citur
381 2314 546 2398 quomodo
569 2331 625 2382 res
647 2331 684 2383 se
706 2316 872 2384 habuerit.
897 2315 979 2383 Post
1001 2315 1125 2383 bellum
1148 2333 1283 2384 sacrum
1301 2314 1465 2383 instituta

267 2435 429 2520 Delphica
447 2453 508 2519 pro
526 2451 651 2517 magna
669 2441 764 2519 parte
782 2435 824 2504 ad
836 2436 1030 2520 exemplum
1041 2437 1291 2522 Olympicomm
1302 2438 1466 2504 renovata

267 2561 351 2625 sunt
381 2558 461 2636 (590
490 2576 522 2626 a
555 2557 632 2626 chr.
663 2561 722 2643 ιι.).
753 2558 850 2626 Tunc
870 2575 1001 2643 quoqne
1023 2557 1178 2643 Olympia
1199 2557 1360 2626 arcessita
1381 2557 1465 2625 sunt

267 2682 304 2745 st
338 2679 499 2762 &malea
531 2685 569 2746 et
601 2681 772 2763 equestria
803 2681 1001 2748 dammim
1035 2681 1076 2748 In
1111 2679 1247 2764 proclivi
1280 2682 1397 2747 tamen
1428 2681 1466 2746 et

266 2802 416 2882 angusto
438 2797 587 2884 Delphici
609 2801 680 2868 iani
703 2799 773 2870 solo
796 2800 879 2869 nulli
900 2819 1038 2885 prorsus
1060 2799 1321 2870 inveniebantur
1341 2797 1405 2867 loci
1421 2797 1465 2868 ad

266 2921 443 2990 condenda
460 2921 610 2990 stadium
632 2926 669 2992 et
687 2923 945 3008 hippodromum
955 2923 1076 2991 idonei.
1096 2923 1164 2990 Alii
1175 2920 1356 3006 quaerendi
1366 2921 1466 2988 erant

266 3044 310 3111 ab
338 3044 415 3128 ipso
445 3045 524 3112 iano
548 3046 756 3112 remotiores.
786 3045 914 3128 Sponte
937 3063 975 3113 se
996 3044 1182 3114 offerebant
1203 3059 1287 3110 aisa
1308 3041 1465 3111 cirrhaec

266 3181 355 3248 quae
374 3165 469 3233 brevi
489 3170 574 3233 tunc
590 3171 668 3248 post
686 3166 802 3250 ipsum
819 3165 901 3234 illud
920 3165 1045 3234 bellum
1065 3165 1133 3234 Deo
1152 3166 1464 3246 consecrataerant

267 3287 450 3371 inquibus
472 3286 577 3368 igitur
598 3290 640 3354 ut
662 3287 699 3354 in
720 3287 829 3372 ipsius
852 3287 915 3355 Dei
937 3285 1084 3355 dominio
1107 3287 1189 3356 haec
1210 3285 1465 3368 certaminaagl

266 3411 420 3493 possent.
464 3408 601 3477 Cirrhae
638 3409 742 3492 igitur
783 3412 867 3477 tunc
908 3413 946 3476 et
985 3408 1118 3476 stadiou
1156 3412 1194 3476 et
1226 3406 1465 3492 hippodromus

265 3530 546 3598 monebantur.
582 3529 704 3598 Postea
736 3533 853 3600 tamen
887 3530 924 3597 in
958 3529 1158 3598 Laocomte
1196 3527 1251 3597 illo
1287 3527 1465 3598 immensis

265 3651 437 3718 laboribus
469 3651 618 3718 stadium
654 3667 771 3734 parare
805 3653 978 3718 mccemit
1014 3651 1048 3716 A
1076 3667 1142 3734 quo
1176 3650 1280 3732 igitur
1314 3653 1465 3734 tempore

266 3770 406 3856 Delphis
435 3771 519 3855 ipsis
545 3773 700 3858 gymnica
722 3789 852 3856 qnoque
873 3773 1071 3858 agebantur,
1095 3770 1304 3855 equestrium
1326 3775 1465 3839 tantmn

266 3909 373 3960 caum
405 3891 670 3962 descendebatur
703 3893 874 3977 Cirrham,
909 3892 969 3960 nbi
1007 3892 1195 3960 Pausanias
1230 3893 1341 3962 adhuc
1379 3892 1465 3960 vidit

265 4013 539 4098 hippodromum.

313 4135 469 4218 Quonam
497 4139 615 4204 autem
645 4139 796 4219 tempore
825 4136 888 4204 hoc
914 4136 1064 4205 stadim
1087 4135 1283 4221 Delphicum
1305 4140 1465 4222 paratm

266 4255 326 4338 sit,
347 4255 421 4340 jam
443 4273 488 4323 ex
510 4256 553 4324 iis
575 4257 663 4325 satis
683 4261 839 4326 constare
857 4275 944 4342 quae
960 4258 1113 4342 exposui,
1132 4255 1348 4326 intellexeris.
1376 4257 1464 4328 Nam

267 4377 437 4463 Pythinde
464 4379 575 4448 adhuc
605 4379 666 4446 28·
697 4381 780 4458 (478
809 4397 841 4448 a.
873 4379 951 4447 cnr.
973 4384 1025 4460 ιι.)
1053 4379 1210 4448 ἀοωοιιᾱὶ
1239 4379 1392 4447 Oimhsm
1421 4378 1465 4449 ad

266 4497 457 4567 certamina
486 4501 647 4584 gymmcs
677 4499 1465 4582 morislnieseePindarocognovimnsQno

266 4623 421 4702 tempore
452 4636 533 4688 vero
563 4619 736 4704 Sophoclis
765 4619 898 4688 illectus
927 4619 1075 4704 primum
1104 4619 1186 4686 data
1215 4623 1270 4686 est
1305 4619 1465 4702 gymnica

266 4740 455 4808 certamina
477 4741 660 4809 manifesto
678 4741 753 4825 jam
773 4742 961 4824 agebantur
983 4740 1066 4824 ipsis
1084 4737 1231 4822 Delphis
1251 4739 1463 4824 Quamquam

265 4861 374 4944 igitur
401 4860 443 4928 de
473 4861 535 4930 hoc
561 4861 715 4930 hierbae
737 4865 888 4946 tempore
911 4878 980 4929 non
1002 4863 1150 4940 maslai,
1173 4859 1323 4929 madium
1346 4863 1463 4930 nmen
