3848 6006
353 1749 402 1832 td
429 1748 666 1853 Thucydidem
694 1752 732 1831 el
760 1748 977 1832 Herodotum
1006 1751 1291 1833 obseruationes
1320 1748 1426 1833 duee.

656 2108 693 2176 O.
716 2108 818 2175 GUL.
846 2109 1123 2177 VOLLGRAFF.

337 2533 364 2600 L
389 2532 597 2616 idumaeum
618 2531 661 2615 V,
688 2533 731 2600 53
754 2535 871 2600 narrat
894 2550 1076 2617 quamnam
1098 2551 1236 2601 oausam
1256 2535 1376 2615 Argivi
1395 2552 1488 2617 prae·

292 2655 478 2732 texuerint,
510 2671 572 2721 our
603 2656 735 2721 aestate
768 2654 849 2721 enni
884 2656 950 2721 419
985 2655 1107 2722 vicinis
1142 2655 1330 2737 Epidauriis
1364 2657 1489 2724 bellum

293 2775 474 2843 inferrent:
494 2775 624 2842 scilieet
640 2776 727 2858 quod
748 2775 794 2843 illi
815 2777 989 2844 victimam
1007 2775 1154 2859 Apollini
1171 2779 1213 2856 τῷ
1227 2776 1353 2859 notave,
1367 2795 1489 2857 magno

294 2896 499 2978 Argivorum
529 2896 673 2974 numini,
704 2897 806 2964 oertis
829 2898 1036 2980 temporibus
1058 2897 1207 2964 debitam
1231 2898 1368 2965 mittere
1391 2897 1489 2965 desti·

295 3020 429 3086 iissent.
453 3019 549 3086 Inest
570 3022 688 3086 autem
711 3020 746 3086 in
769 3020 832 3086 hoe
853 3019 923 3086 loeo
947 3037 1014 3087 vox
1036 3020 1200 3103 quaedam
1224 3037 1245 3087 a
1268 3020 1352 3087 viris
1370 3020 1488 3102 doctis,

294 3139 487 3222 uisitator,
512 3140 626 3207 minus
648 3139 733 3206 bene
755 3140 935 3207 intellecta

340 3260 424 3328 Eudo
457 3260 630 3343 scriptoris
666 3261 784 3328 verba:
814 3264 868 3325 τοῦ
898 3260 924 3324 δ’
957 3261 1052 3327 αὐτοῦ
1083 3260 1181 3341 δέρους
1207 3261 1411 3342 Ἐπιδαυρίοις
1436 3261 1488 3326 καὶ

296 3382 445 3462 Ἀργείοις
466 3380 602 3457 πόλεμος
624 3381 758 3461 tydaeus,
776 3382 929 3463 προφάσει
941 3383 999 3459 μὶν
1012 3382 1078 3464 περὶ
1092 3386 1145 3448 τοῦ
1159 3385 1294 3460 θύματος
1306 3386 1361 3449 τοῦ
1374 3384 1490 3448 ’Λπόλ-

295 3518 386 3576 meuc
421 3506 476 3569 τοῦ
512 3500 694 3591 nui[a]luc,
733 3493 747 3566 3
781 3501 845 3568 δέοι
879 3505 1068 3583 ἀπαγαγεῖν
1104 3505 1156 3571 οὐκ
1193 3503 1380 3580 iudaeum
1417 3504 1490 3585 ὑπὲρ

295 3624 457 3703 dueatur
481 3623 669 3704 Ἐπιδαύριοι
693 3623 885 3706 (ιιιιριῶτοιοοι
911 3624 943 3691 tl
966 3630 1019 3691 τοῦ
1042 3627 1120 3707 ἱεροῦ
1145 3621 1222 3699 sirau
1246 3628 1394 3708 Ἀργεῖοι)
1419 3641 1490 3693 κτλ.

340 3747 463 3831 Quodsi
494 3747 628 3830 quaeris
656 3747 735 3830 quid
766 3748 1020 3827 sindewalem,
1052 3750 1120 3816 iam
1151 3750 1186 3815 in
1210 3750 1382 3817 veteribus
1404 3766 1491 3816 eom·

296 3869 473 3937 meritoriis
502 3867 673 3935 nonnullis
702 3870 903 3937 adnotatum
935 3869 1079 3953 reperies
1102 3870 1163 3938 hoo
1187 3870 1347 3937 uocabulo
1368 3886 1493 3953 pascua

297 3989 477 4073 signiileeri
509 3990 565 4058 vel
595 3991 709 4072 potius
732 3992 909 4074 pecuniam
932 4010 992 4074 pro
1013 3992 1148 4075 pascuis
1170 3991 1286 4059 datam
1310 3991 1492 4072 eademque

296 4111 541 4196 interpretatio,
571 4128 778 4195 quemquam
799 4113 892 4179 nulla
914 4112 1118 4180 auctoritate
1140 4112 1265 4179 nititur
1286 4125 1493 4192 sensumque

298 4235 435 4317 praebet
467 4249 548 4300 sene
581 4250 685 4317 quam
717 4235 911 4319 absurdum,
947 4235 1110 4317 hodieque
1144 4235 1179 4301 in
1214 4234 1302 4302 oaloe
1335 4230 1492 4300 editionis

299 4353 532 4423 Olessenianae
565 4355 709 4438 repetita
743 4361 797 4424 est
830 4357 932 4440 inque
966 4356 1098 4423 eunctis
1128 4359 1211 4439 quot
1241 4355 1346 4423 sciam
1377 4352 1493 4419 lexicis

298 4477 449 4546 recurrit.
480 4476 549 4542 Neo
579 4476 717 4546 meliore
745 4496 801 4546 me
831 4479 939 4546 iudiee
969 4478 1082 4545 docuit
1108 4481 1171 4545 eut
1199 4476 1280 4543 olim
1302 4474 1494 4556 Wesseling

298 4599 340 4667 ad
373 4598 468 4665 Diod.
498 4596 564 4663 Sic.
598 4599 678 4677 XII,
702 4600 746 4667 78
771 4600 844 4680 eeu
868 4598 1118 4680 repastinaretur
1141 4597 1398 4681 praeferendum
1420 4612 1494 4663 esse

298 4725 395 4790 retus
424 4726 522 4803 (quae
552 4721 655 4787 unius
678 4725 818 4790 tantum
839 4724 915 4791 libri
938 4723 996 4789 MS
1019 4739 1038 4789 e
1061 4720 1282 4789 deterioribus
1304 4718 1404 4786 leutio
1426 4721 1494 4799 est)

298 4847 360 4913 eut
383 4844 501 4910 nostra
523 4842 686 4909 memoria
706 4840 809 4931 Stabl,
829 4862 931 4929 quem
950 4848 1078 4912 temere
1097 4843 1250 4926 sequitur
1268 4841 1414 4921 Hudiue,
1433 4856 1495 4909 suo
