3848 6006
945 821 991 887 82

364 1003 493 1072 Barthii
523 1004 703 1087 explicatio
726 1004 899 1085 hucusque
921 1001 1079 1069 omnihus
1100 1000 1281 1085 placuerit:
1307 1000 1461 1085 ,mutare
1481 995 1556 1061 he

363 1125 399 1191 in
435 1124 501 1193 alia
535 1142 671 1209 corpora
698 1125 836 1192 mittere
857 1141 900 1192 en
922 1121 1031 1190 aliia.'’
1056 1123 1106 1188 At
1127 1121 1197 1189 iata
1218 1117 1454 1203 interpretatio
1475 1131 1557 1183 vera

362 1263 438 1313 esse
468 1247 595 1329 nequit,
619 1246 830 1329 quinetiam
854 1245 1046 1312 sententiae
1067 1246 1247 1311 contextae
1269 1239 1432 1309 orationIs
1454 1253 1557 1321 quam

362 1369 512 1435 maxime
539 1367 708 1435 contraria
729 1369 794 1434 est.
818 1367 880 1449 Qui
904 1370 1017 1434 totum
1040 1366 1150 1433 locum
1172 1364 1348 1446 diligenter
1370 1358 1558 1444 perlegerit,

362 1490 473 1553 totam
495 1487 586 1554 Iovis
609 1488 780 1570 querelam
803 1489 844 1554 do
867 1488 998 1554 iactura
1021 1485 1225 1566 mortalium,
1249 1501 1351 1568 quam
1373 1479 1559 1550 novohello

362 1607 513 1675 tacturus
547 1610 603 1691 sIt,
639 1627 747 1693 neque
781 1609 822 1676 de
858 1608 1142 1693 metempsychosi
1164 1606 1318 1674 hocloco
1339 1602 1558 1686 cogitandum

361 1744 436 1795 ease
469 1746 548 1797 mox
579 1731 774 1813 perspiciet3
798 1730 903 1797 immo
927 1747 1006 1798 vero
1029 1729 1126 1813 quale
1147 1728 1312 1795 damnum
1332 1741 1409 1794 esse
1431 1725 1558 1807 posset,

363 1850 393 1916 ai
417 1850 673 1918 interfectorum
695 1852 802 1919 animi
819 1853 855 1919 in
869 1868 958 1920 nova
969 1869 1106 1934 corpora
1117 1849 1299 1917 identidem
1311 1845 1560 1915 mitterentur?

364 1970 416 2036 Ne
439 1972 557 2054 multa,
583 1972 722 2039 verbum
745 1976 880 2040 mutare
902 1972 957 2040 hic
978 1990 1109 2056 quoque
1126 1989 1168 2039 ea
1187 1971 1322 2039 notione
1339 1968 1492 2053 positum
1502 1969 1560 2032 eet

363 2109 465 2174 quem
488 2111 591 2176 supra
613 2094 770 2177 indicavi,
795 2096 854 2162 aed
876 2095 1053 2176 legendum
1075 2097 1149 2162 eat:

453 2218 506 2281 tot
530 2219 663 2283 mutare
685 2217 828 2299 animae,
853 2219 907 2283 tot
928 2216 1063 2283 reddere
1085 2231 1222 2299 corpora
1243 2213 1347 2281 Diti.

407 2335 457 2401 Ol.
487 2336 513 2401 I.
545 2336 612 2402 615
643 2355 709 2420 sq.:
742 2355 805 2404 aua
836 2341 989 2404 monstra
1012 2336 1174 2420 profundo
1197 2336 1306 2403 reddit
1328 2334 1450 2401 habore
1473 2333 1558 2411 Iovi,

363 2458 421 2524 IV.
458 2459 540 2522 291:
574 2462 610 2525 et
640 2459 792 2526 Pheneos
819 2459 913 2540 nigro
935 2458 1042 2542 Styga
1065 2457 1201 2525 mittere
1222 2457 1352 2525 credita
1372 2455 1455 2540 Diti,
1479 2455 1557 2524 VII.

362 2579 441 2661 697,
468 2578 543 2661 782,
567 2580 660 2647 VIII.
686 2581 762 2663 248,
787 2581 864 2647 324.
1526 2648 1529 2653 ,

407 2700 525 2768 Altero
555 2718 687 2786 quoque
713 2700 783 2770 loco
807 2703 949 2770 verbum
971 2719 1095 2785 pravae
1117 2700 1385 2784 interpretatIoni
1409 2699 1558 2769 salutem

362 2821 482 2889 debere
504 2824 666 2907 suspicor.
690 2824 752 2891 Est
775 2827 890 2891 autem
915 2824 1019 2891 l'heh.
1042 2824 1121 2891 XII.
1144 2823 1230 2889 657:

453 2944 527 3011 Icta
559 2945 667 3026 gemit
700 2945 811 3028 tellus,
846 2944 963 3012 viridis
997 2945 1112 3027 gravis
1145 2943 1271 3026 unglrla
1292 2961 1431 3027 campos

454 3069 747 3151 muletans.

362 3187 411 3254 Ut
445 3188 587 3255 verbum
620 3187 674 3255 hic
709 3189 878 3269 integrum
912 3189 1145 3274 permanserit,
1181 3186 1261 3255 Inde
1290 3189 1420 3255 lactum
1445 3188 1557 3272 credo,

360 3309 447 3393 quod
483 3309 524 3376 de
558 3309 735 3394 inficiendi,
771 3310 961 3377 maculandi
997 3310 1146 3388 notione,
1181 3310 1222 3378 de
1252 3309 1416 3392 graminis
1446 3310 1557 3379 colore

359 3431 542 3498 immutato
568 3431 676 3499 critici
700 3431 934 3515 cogitaverint,
965 3467 997 3480 -
1027 3448 1211 3515 perperam,
1235 3448 1315 3499 uam
1339 3431 1461 3498 herhae
1484 3448 1558 3515 pro

360 3551 510 3619 calcatae
540 3569 608 3618 non
639 3552 770 3629 atatim,
794 3552 853 3620 aed
883 3555 962 3635 post
991 3551 1204 3636 aliquantum
1231 3553 1393 3635 temporis
1417 3552 1557 3622 demum

360 3672 503 3738 colorem
538 3675 685 3749 mutant,
721 3675 823 3757 atque
858 3676 931 3741 tam
966 3673 1069 3740 verha
1098 3673 1331 3756 praecedentia
1361 3676 1425 3742 tcto
1451 3677 1558 3757 demit

360 3791 455 3860 tettae
479 3811 581 3876 quam
604 3794 781 3876 sequentia
800 3797 952 3878 exepirot
968 3795 1137 3878 protritae
1151 3813 1234 3877 aper
1244 3795 1443 3862 scholiastae
1454 3795 1557 3863 inter-

358 3915 582 3997 pretationem
602 3910 788 3983 ‘atterit'
813 3916 909 3982 unice
934 3932 1050 3983 veram
1069 3934 1146 3984 esse
1165 3918 1384 4000 comprobant
1404 3934 1557 3987 necnon

359 4033 462 4102 Theb.
487 4036 529 4102 V.
552 4037 637 4102 441:
661 4035 796 4121 (Hylae)
822 4038 926 4105 audet
949 4038 1013 4105 iter
1037 4039 1217 4123 magnique
1240 4057 1386 4123 sequens
1408 4042 1557 4125 vestigia

360 4159 505 4222 mutat
527 4157 691 4223 Herculis.
719 4155 810 4242 Ioco,
834 4176 936 4242 quem
959 4159 1120 4227 ultimum
1139 4160 1253 4238 affero,
1274 4163 1414 4229 verbum
1434 4180 1557 4234 rursus

360 4277 514 4344 videmus
537 4279 609 4344 suis
632 4277 924 4346 circumvallatum
946 4281 1112 4358 crucibus,
1135 4284 1238 4366 atque
1260 4299 1343 4350 eane
1364 4284 1557 4353 intricatior

358 4400 512 4481 quaestio
531 4402 595 4465 est.
615 4398 755 4481 Legitur
779 4400 883 4467 Theb.
906 4402 949 4467 II.
973 4404 1056 4470 671:

930 4524 1074 4607 clipeum
1099 4542 1162 4592 nec
1185 4526 1335 4594 sustinet
1358 4527 1461 4595 umbo

449 4646 667 4710 mutatum
698 4644 823 4728 epoIIIe,
854 4644 983 4725 gelidus
1006 4645 1096 4712 cadit
1122 4646 1230 4714 imber
1250 4647 1371 4715 anhelo

448 4769 591 4847 pectore,
614 4783 644 4833 e.
657 4783 688 4849 q.
701 4784 729 4833 a.
