<?xml version="1.0" encoding="UTF-8"?>
<!DOCTYPE html PUBLIC "-//W3C//DTD XHTML 1.0 Transitional//EN"
    "http://www.w3.org/TR/xhtml1/DTD/xhtml1-transitional.dtd">
<html xmlns="http://www.w3.org/1999/xhtml" xml:lang="en" lang="en">
 <head>
  <title>
</title>
<meta http-equiv="Content-Type" content="text/html;charset=utf-8" />
  <meta name='ocr-system' content='tesseract 3.04.00' />
  <meta name='ocr-capabilities' content='ocr_page ocr_carea ocr_par ocr_line ocrx_word'/>
</head>
<body>
  <div class='ocr_page' id='page_1' title='image "./sertumnabericum00nabegoog_0047.png"; bbox 0 0 3848 6006; ppageno 0'>
   <div class='ocr_carea' id='block_1_1' title="bbox 935 810 979 883">
    <p class='ocr_par' dir='ltr' id='par_1_1' title="bbox 935 810 979 883">
     <span class='ocr_line' id='line_1_1' title="bbox 935 810 979 883; baseline 0.023 -1"><span class='ocrx_word' id='word_1_1' title='bbox 935 810 979 883; x_wconf 79' lang='lat'><strong>82</strong></span> 
     </span>
    </p>
   </div>
   <div class='ocr_carea' id='block_1_2' title="bbox 359 1000 1563 2780">
    <p class='ocr_par' dir='ltr' id='par_1_2' title="bbox 359 1000 1563 2780">
     <span class='ocr_line' id='line_1_2' title="bbox 359 1000 1563 1088; baseline -0.002 -14"><span class='ocrx_word' id='word_1_2' title='bbox 359 1010 435 1074; x_wconf 86' lang='lat' dir='ltr'><strong>arte</strong></span> <span class='ocrx_word' id='word_1_3' title='bbox 453 1008 637 1088; x_wconf 87' lang='lat' dir='ltr'><strong>cognatum</strong></span> <span class='ocrx_word' id='word_1_4' title='bbox 655 1007 720 1087; x_wconf 89' lang='lat' dir='ltr'><strong>est,</strong></span> <span class='ocrx_word' id='word_1_5' title='bbox 740 1004 800 1072; x_wconf 87' lang='lat' dir='ltr'><strong>sed</strong></span> <span class='ocrx_word' id='word_1_6' title='bbox 819 1003 924 1070; x_wconf 85' lang='lat' dir='ltr'><strong>etiam</strong></span> <span class='ocrx_word' id='word_1_7' title='bbox 942 1001 1030 1085; x_wconf 88' lang='lat' dir='ltr'><strong>quod</strong></span> <span class='ocrx_word' id='word_1_8' title='bbox 1043 1001 1078 1067; x_wconf 93' lang='lat' dir='ltr'><strong>in</strong></span> <span class='ocrx_word' id='word_1_9' title='bbox 1090 1000 1153 1068; x_wconf 87' lang='lat' dir='ltr'><strong>hoc</strong></span> <span class='ocrx_word' id='word_1_10' title='bbox 1164 1016 1327 1068; x_wconf 88' lang='lat' dir='ltr'><strong>numerus</strong></span> <span class='ocrx_word' id='word_1_11' title='bbox 1337 1000 1563 1072; x_wconf 84' lang='lat' dir='ltr'><strong>victoriarum</strong></span> 
     </span>
     <span class='ocr_line' id='line_1_3' title="bbox 360 1122 1257 1214; baseline -0.011 -18"><span class='ocrx_word' id='word_1_12' title='bbox 360 1125 519 1214; x_wconf 73' lang='lat' dir='ltr'><strong>athletae,</strong></span> <span class='ocrx_word' id='word_1_13' title='bbox 544 1128 581 1194; x_wconf 91' lang='lat' dir='ltr'><strong>in</strong></span> <span class='ocrx_word' id='word_1_14' title='bbox 603 1126 659 1194; x_wconf 93' lang='lat' dir='ltr'><strong>illo</strong></span> <span class='ocrx_word' id='word_1_15' title='bbox 682 1125 881 1193; x_wconf 76' lang='lat' dir='ltr'><strong>utensilium</strong></span> <span class='ocrx_word' id='word_1_16' title='bbox 903 1123 1090 1207; x_wconf 86' lang='lat' dir='ltr'><strong>philosophi</strong></span> <span class='ocrx_word' id='word_1_17' title='bbox 1111 1122 1257 1190; x_wconf 83' lang='lat' dir='ltr'><strong>ridetur:</strong></span> 
     </span>
     <span class='ocr_line' id='line_1_4' title="bbox 501 1240 1386 1329; baseline -0.005 -14"><span class='ocrx_word' id='word_1_18' title='bbox 501 1248 666 1328; x_wconf 68' lang='grc' dir='ltr'><strong><em>Διονὶνενς</em></strong></span> <span class='ocrx_word' id='word_1_19' title='bbox 690 1247 760 1314; x_wconf 71' lang='grc' dir='ltr'><strong>πόδε</strong></span> <span class='ocrx_word' id='word_1_20' title='bbox 783 1255 883 1327; x_wconf 81' lang='grc' dir='ltr'><strong><em>σνῑμα,</em></strong></span> <span class='ocrx_word' id='word_1_21' title='bbox 907 1248 1004 1329; x_wconf 79' lang='grc' dir='ltr'><strong><em>σοφοῦ</em></strong></span> <span class='ocrx_word' id='word_1_22' title='bbox 1028 1242 1125 1325; x_wconf 67' lang='lat' dir='ltr'><strong>nerle,</strong></span> <span class='ocrx_word' id='word_1_23' title='bbox 1148 1240 1180 1318; x_wconf 64' lang='lat' dir='ltr'><strong>le</strong></span> <span class='ocrx_word' id='word_1_24' title='bbox 1203 1265 1279 1310; x_wconf 82' lang='grc' dir='ltr'><strong><em>ποπε</em></strong></span> <span class='ocrx_word' id='word_1_25' title='bbox 1301 1246 1386 1327; x_wconf 64' lang='grc' dir='ltr'><strong>νομῷ</strong></span> 
     </span>
     <span class='ocr_line' id='line_1_5' title="bbox 547 1365 1138 1452; baseline -0.005 -15"><span class='ocrx_word' id='word_1_26' title='bbox 547 1368 648 1452; x_wconf 69' lang='grc' dir='ltr'><strong><em>ἅρσννν</em></strong></span> <span class='ocrx_word' id='word_1_27' title='bbox 672 1371 835 1450; x_wconf 68' lang='grc' dir='ltr'><strong><em>γομννὶπνρν</em></strong></span> <span class='ocrx_word' id='word_1_28' title='bbox 858 1365 992 1444; x_wconf 70' lang='grc' dir='ltr'><strong>ἐξεπόνει</strong></span> <span class='ocrx_word' id='word_1_29' title='bbox 1015 1365 1138 1446; x_wconf 74' lang='grc' dir='ltr'><strong><em>βίοτον·</em></strong></span> 
     </span>
     <span class='ocr_line' id='line_1_6' title="bbox 497 1486 1366 1577; baseline 0.002 -19"><span class='ocrx_word' id='word_1_30' title='bbox 497 1486 520 1576; x_wconf 67' lang='grc' dir='ltr'><em>ᾧ</em></span> <span class='ocrx_word' id='word_1_31' title='bbox 543 1491 590 1571; x_wconf 73' lang='lat' dir='ltr'><strong>pl</strong></span> <span class='ocrx_word' id='word_1_32' title='bbox 597 1517 619 1558; x_wconf 95' lang='grc' dir='ltr'><strong><em>α</em></strong></span> <span class='ocrx_word' id='word_1_33' title='bbox 643 1516 690 1565; x_wconf 83' lang='grc' dir='ltr'><strong>σος</strong></span> <span class='ocrx_word' id='word_1_34' title='bbox 715 1493 811 1571; x_wconf 73' lang='grc' dir='ltr'><strong><em>πήρα,</em></strong></span> <span class='ocrx_word' id='word_1_35' title='bbox 834 1491 909 1569; x_wconf 74' lang='grc' dir='ltr'><strong>μία</strong></span> <span class='ocrx_word' id='word_1_36' title='bbox 932 1491 1063 1572; x_wconf 69' lang='grc' dir='ltr'><strong><em>διπλοῖς,</em></strong></span> <span class='ocrx_word' id='word_1_37' title='bbox 1086 1487 1144 1567; x_wconf 71' lang='grc' dir='ltr'><strong>εἷς</strong></span> <span class='ocrx_word' id='word_1_38' title='bbox 1168 1489 1227 1572; x_wconf 68' lang='grc' dir='ltr'><strong>ἅμ’</strong></span> <span class='ocrx_word' id='word_1_39' title='bbox 1252 1492 1366 1577; x_wconf 70' lang='grc' dir='ltr'><strong><em>ΙΦοΙπα</em></strong></span> 
     </span>
     <span class='ocr_line' id='line_1_7' title="bbox 544 1609 1225 1695; baseline 0.003 -16"><span class='ocrx_word' id='word_1_40' title='bbox 544 1613 672 1694; x_wconf 71' lang='grc' dir='ltr'><strong><em>σνίπονν,</em></strong></span> <span class='ocrx_word' id='word_1_41' title='bbox 696 1612 867 1694; x_wconf 72' lang='grc' dir='ltr'><strong><em>αὐτάρκους</em></strong></span> <span class='ocrx_word' id='word_1_42' title='bbox 892 1609 977 1678; x_wconf 75' lang='grc' dir='ltr'><strong><em>ὅπλα</em></strong></span> <span class='ocrx_word' id='word_1_43' title='bbox 1001 1614 1225 1695; x_wconf 79' lang='grc' dir='ltr'><strong><em>σαοφροσύνας.</em></strong></span> 
     </span>
     <span class='ocr_line' id='line_1_8' title="bbox 499 1731 1460 1819; baseline 0 -17"><span class='ocrx_word' id='word_1_44' title='bbox 499 1735 588 1802; x_wconf 67' lang='grc' dir='ltr'><strong>ἄλλα</strong></span> <span class='ocrx_word' id='word_1_45' title='bbox 612 1735 717 1819; x_wconf 71' lang='grc' dir='ltr'><strong><em>τάφον</em></strong></span> <span class='ocrx_word' id='word_1_46' title='bbox 740 1733 822 1801; x_wconf 76' lang='grc' dir='ltr'><strong><em>τοῦδ’</em></strong></span> <span class='ocrx_word' id='word_1_47' title='bbox 847 1733 933 1807; x_wconf 77' lang='grc' dir='ltr'><strong><em>ἐκτὸς</em></strong></span> <span class='ocrx_word' id='word_1_48' title='bbox 958 1731 1238 1817; x_wconf 68' lang='grc' dir='ltr'><strong><em>1ο’,ἱΦρονες,ο)ς</em></strong></span> <span class='ocrx_word' id='word_1_49' title='bbox 1263 1735 1277 1802; x_wconf 83' lang='lat' dir='ltr'><strong>l</strong></span> <span class='ocrx_word' id='word_1_50' title='bbox 1303 1734 1460 1812; x_wconf 79' lang='grc' dir='ltr'><strong><em>Σννονπεὺς</em></strong></span> 
     </span>
     <span class='ocr_line' id='line_1_9' title="bbox 545 1854 1223 1941; baseline 0.003 -19"><span class='ocrx_word' id='word_1_51' title='bbox 545 1855 680 1937; x_wconf 64' lang='grc' dir='ltr'><strong>ἔχθαίρον</strong></span> <span class='ocrx_word' id='word_1_52' title='bbox 704 1860 828 1939; x_wconf 76' lang='grc' dir='ltr'><strong><em>Φαῦλον</em></strong></span> <span class='ocrx_word' id='word_1_53' title='bbox 851 1854 960 1920; x_wconf 81' lang='grc' dir='ltr'><strong><em>πα’νπα</em></strong></span> <span class='ocrx_word' id='word_1_54' title='bbox 983 1855 1034 1921; x_wconf 72' lang='grc' dir='ltr'><strong>καὶ</strong></span> <span class='ocrx_word' id='word_1_55' title='bbox 1058 1857 1102 1921; x_wconf 75' lang='grc' dir='ltr'><strong>εῖν</strong></span> <span class='ocrx_word' id='word_1_56' title='bbox 1126 1856 1223 1941; x_wconf 65' lang='lat' dir='ltr'><strong>&#39;alep</strong></span> 
     </span>
     <span class='ocr_line' id='line_1_10' title="bbox 362 1968 1561 2056; baseline -0.003 -14"><span class='ocrx_word' id='word_1_57' title='bbox 362 1973 482 2043; x_wconf 82' lang='lat' dir='ltr'><strong>Nonne</strong></span> <span class='ocrx_word' id='word_1_58' title='bbox 512 1969 677 2039; x_wconf 76' lang='lat' dir='ltr'><strong>festivum</strong></span> <span class='ocrx_word' id='word_1_59' title='bbox 706 1972 770 2046; x_wconf 85' lang='lat' dir='ltr'><strong>est,</strong></span> <span class='ocrx_word' id='word_1_60' title='bbox 795 1968 882 2051; x_wconf 82' lang='lat' dir='ltr'><strong>quod</strong></span> <span class='ocrx_word' id='word_1_61' title='bbox 905 1985 957 2050; x_wconf 86' lang='lat' dir='ltr'><strong>ep.</strong></span> <span class='ocrx_word' id='word_1_62' title='bbox 981 1968 1071 2035; x_wconf 88' lang='lat' dir='ltr'><strong>idem</strong></span> <span class='ocrx_word' id='word_1_63' title='bbox 1092 1969 1129 2035; x_wconf 87' lang='lat' dir='ltr'><strong>in</strong></span> <span class='ocrx_word' id='word_1_64' title='bbox 1152 1968 1346 2056; x_wconf 82' lang='lat' dir='ltr'><strong>Diogenem,</strong></span> <span class='ocrx_word' id='word_1_65' title='bbox 1370 1971 1561 2055; x_wconf 88' lang='lat' dir='ltr'><strong>quodcum</strong></span> 
     </span>
     <span class='ocr_line' id='line_1_11' title="bbox 363 2088 1563 2179; baseline -0.002 -18"><span class='ocrx_word' id='word_1_66' title='bbox 363 2095 399 2161; x_wconf 89' lang='lat' dir='ltr'><strong>in</strong></span> <span class='ocrx_word' id='word_1_67' title='bbox 422 2093 529 2161; x_wconf 79' lang='lat' dir='ltr'><strong>Anth.</strong></span> <span class='ocrx_word' id='word_1_68' title='bbox 554 2091 623 2159; x_wconf 80' lang='lat' dir='ltr'><strong>Pal.</strong></span> <span class='ocrx_word' id='word_1_69' title='bbox 649 2095 724 2157; x_wconf 86' lang='lat' dir='ltr'><strong>tum</strong></span> <span class='ocrx_word' id='word_1_70' title='bbox 747 2090 783 2155; x_wconf 89' lang='lat' dir='ltr'><strong>in</strong></span> <span class='ocrx_word' id='word_1_71' title='bbox 806 2088 901 2155; x_wconf 82' lang='lat' dir='ltr'><strong>Plan.</strong></span> <span class='ocrx_word' id='word_1_72' title='bbox 925 2089 986 2168; x_wconf 77' lang='lat'>(111</span> <span class='ocrx_word' id='word_1_73' title='bbox 1008 2109 1030 2156; x_wconf 86' lang='lat' dir='ltr'><strong>a</strong></span> <span class='ocrx_word' id='word_1_74' title='bbox 1055 2091 1109 2169; x_wconf 83' lang='lat'><strong>28,</strong></span> <span class='ocrx_word' id='word_1_75' title='bbox 1133 2090 1176 2163; x_wconf 74' lang='lat' dir='ltr'><strong>ele</strong></span> <span class='ocrx_word' id='word_1_76' title='bbox 1201 2088 1405 2175; x_wconf 70' lang='grc' dir='ltr'><strong><em>Φολοσδφονς,</em></strong></span> <span class='ocrx_word' id='word_1_77' title='bbox 1429 2093 1472 2160; x_wconf 91' lang='grc'><strong>10</strong></span> <span class='ocrx_word' id='word_1_78' title='bbox 1494 2093 1563 2179; x_wconf 80' lang='lat' dir='ltr'><strong>sq.)</strong></span> 
     </span>
     <span class='ocr_line' id='line_1_12' title="bbox 364 2210 1563 2298; baseline 0 -15"><span class='ocrx_word' id='word_1_79' title='bbox 364 2216 444 2283; x_wconf 88' lang='lat' dir='ltr'><strong>huic</strong></span> <span class='ocrx_word' id='word_1_80' title='bbox 472 2213 708 2298; x_wconf 78' lang='lat' dir='ltr'><strong>epigrammati</strong></span> <span class='ocrx_word' id='word_1_81' title='bbox 739 2210 907 2294; x_wconf 82' lang='lat' dir='ltr'><strong>praecedit</strong></span> <span class='ocrx_word' id='word_1_82' title='bbox 935 2210 1010 2278; x_wconf 86' lang='lat' dir='ltr'><strong>VH.</strong></span> <span class='ocrx_word' id='word_1_83' title='bbox 1035 2213 1088 2297; x_wconf 86' lang='grc'><strong>64,</strong></span> <span class='ocrx_word' id='word_1_84' title='bbox 1113 2213 1355 2296; x_wconf 85' lang='lat' dir='ltr'><strong>quodammodo</strong></span> <span class='ocrx_word' id='word_1_85' title='bbox 1377 2230 1563 2297; x_wconf 85' lang='lat' dir='ltr'><strong>congruere</strong></span> 
     </span>
     <span class='ocr_line' id='line_1_13' title="bbox 364 2332 1562 2419; baseline 0 -15"><span class='ocrx_word' id='word_1_86' title='bbox 364 2336 500 2405; x_wconf 86' lang='lat' dir='ltr'><strong>videtur</strong></span> <span class='ocrx_word' id='word_1_87' title='bbox 521 2353 601 2403; x_wconf 95' lang='lat' dir='ltr'><strong>cum</strong></span> <span class='ocrx_word' id='word_1_88' title='bbox 623 2334 867 2417; x_wconf 83' lang='lat' dir='ltr'><strong>epigrammate</strong></span> <span class='ocrx_word' id='word_1_89' title='bbox 890 2333 925 2399; x_wconf 91' lang='lat' dir='ltr'><strong>in</strong></span> <span class='ocrx_word' id='word_1_90' title='bbox 951 2332 1160 2419; x_wconf 83' lang='lat' dir='ltr'><strong>Casmylum,</strong></span> <span class='ocrx_word' id='word_1_91' title='bbox 1184 2334 1272 2418; x_wconf 86' lang='lat' dir='ltr'><strong>quod</strong></span> <span class='ocrx_word' id='word_1_92' title='bbox 1295 2335 1452 2403; x_wconf 64' lang='lat' dir='ltr'><strong>inanth.</strong></span> <span class='ocrx_word' id='word_1_93' title='bbox 1466 2335 1562 2404; x_wconf 86' lang='lat' dir='ltr'><strong>Plan.</strong></span> 
     </span>
     <span class='ocr_line' id='line_1_14' title="bbox 364 2453 1183 2545; baseline -0.009 -16"><span class='ocrx_word' id='word_1_94' title='bbox 364 2458 599 2545; x_wconf 87' lang='lat' dir='ltr'><strong>epigrammati</strong></span> <span class='ocrx_word' id='word_1_95' title='bbox 622 2457 658 2523; x_wconf 93' lang='lat' dir='ltr'><strong>in</strong></span> <span class='ocrx_word' id='word_1_96' title='bbox 682 2455 839 2523; x_wconf 87' lang='lat' dir='ltr'><strong>Milonem</strong></span> <span class='ocrx_word' id='word_1_97' title='bbox 862 2455 1057 2537; x_wconf 83' lang='lat' dir='ltr'><strong>praecedit?</strong></span> <span class='ocrx_word' id='word_1_98' title='bbox 1079 2453 1183 2524; x_wconf 81' lang='lat' dir='ltr'><strong>Ecce:</strong></span> 
     </span>
     <span class='ocr_line' id='line_1_15' title="bbox 501 2574 1529 2660; baseline -0.001 -15"><span class='ocrx_word' id='word_1_99' title='bbox 501 2576 602 2657; x_wconf 64' lang='lat' dir='ltr'><strong>elul,</strong></span> <span class='ocrx_word' id='word_1_100' title='bbox 625 2576 706 2657; x_wconf 80' lang='grc' dir='ltr'><strong><em>κύον,</em></strong></span> <span class='ocrx_word' id='word_1_101' title='bbox 730 2574 770 2642; x_wconf 80' lang='lat' dir='ltr'><strong>r!</strong></span> <span class='ocrx_word' id='word_1_102' title='bbox 778 2599 837 2648; x_wconf 88' lang='grc' dir='ltr'><strong>νος</strong></span> <span class='ocrx_word' id='word_1_103' title='bbox 863 2574 969 2655; x_wconf 68' lang='grc' dir='ltr'><strong><em>ἀνδρὸς</em></strong></span> <span class='ocrx_word' id='word_1_104' title='bbox 993 2576 1131 2655; x_wconf 69' lang='grc' dir='ltr'><strong><em>ἐφεστὼς</em></strong></span> <span class='ocrx_word' id='word_1_105' title='bbox 1155 2584 1245 2655; x_wconf 76' lang='grc' dir='ltr'><strong><em>σῆμα</em></strong></span> <span class='ocrx_word' id='word_1_106' title='bbox 1267 2577 1467 2660; x_wconf 67' lang='grc' dir='ltr'><strong><em>φνλάσσενςς</em></strong></span> <span class='ocrx_word' id='word_1_107' title='bbox 1499 2615 1529 2629; x_wconf 91' lang='grc'>-</span> 
     </span>
     <span class='ocr_line' id='line_1_16' title="bbox 544 2690 1478 2780; baseline -0.016 -14"><span class='ocrx_word' id='word_1_108' title='bbox 544 2703 599 2766; x_wconf 81' lang='grc' dir='ltr'><strong>ποῦ</strong></span> <span class='ocrx_word' id='word_1_109' title='bbox 623 2698 728 2770; x_wconf 73' lang='grc' dir='ltr'><strong><em>Κυνός.</em></strong></span> <span class='ocrx_word' id='word_1_110' title='bbox 757 2734 792 2745; x_wconf 98' lang='grc'>-</span> <span class='ocrx_word' id='word_1_111' title='bbox 819 2696 909 2763; x_wconf 70' lang='grc' dir='ltr'><strong>ἀλλὰ</strong></span> <span class='ocrx_word' id='word_1_112' title='bbox 932 2696 980 2769; x_wconf 69' lang='grc' dir='ltr'><strong>τίς</strong></span> <span class='ocrx_word' id='word_1_113' title='bbox 1004 2690 1038 2772; x_wconf 76' lang='grc' dir='ltr'><strong>ἦν</strong></span> <span class='ocrx_word' id='word_1_114' title='bbox 1061 2693 1146 2770; x_wconf 80' lang='grc' dir='ltr'><strong><em>οὗτος</em></strong></span> <span class='ocrx_word' id='word_1_115' title='bbox 1170 2699 1245 2780; x_wconf 65' lang='grc' dir='ltr'><strong><em>ἀνὴρ</em></strong></span> <span class='ocrx_word' id='word_1_116' title='bbox 1268 2697 1283 2764; x_wconf 72' lang='grc' dir='ltr'><em>ὃ</em></span> <span class='ocrx_word' id='word_1_117' title='bbox 1307 2699 1413 2779; x_wconf 65' lang='grc' dir='ltr'><strong>Κόως</strong></span> <span class='ocrx_word' id='word_1_118' title='bbox 1444 2736 1478 2751; x_wconf 84' lang='lat'><em>-</em></span> 
     </span>
    </p>
   </div>
   <div class='ocr_carea' id='block_1_3' title="bbox 500 2816 1556 2909">
    <p class='ocr_par' dir='ltr' id='par_1_3' title="bbox 500 2816 1556 2909">
     <span class='ocr_line' id='line_1_17' title="bbox 500 2816 1556 2909; baseline -0.014 -18"><span class='ocrx_word' id='word_1_119' title='bbox 500 2821 659 2903; x_wconf 63' lang='grc' dir='ltr'><strong><em>Διογένης.</em></strong></span> <span class='ocrx_word' id='word_1_120' title='bbox 688 2858 723 2869; x_wconf 98' lang='grc'>-</span> <span class='ocrx_word' id='word_1_121' title='bbox 749 2819 836 2899; x_wconf 62' lang='grc' dir='ltr'><strong><em>γένος</em></strong></span> <span class='ocrx_word' id='word_1_122' title='bbox 859 2819 939 2885; x_wconf 71' lang='lat' dir='ltr'><strong>alxi.</strong></span> <span class='ocrx_word' id='word_1_123' title='bbox 970 2855 998 2867; x_wconf 96' lang='lat'>-</span> <span class='ocrx_word' id='word_1_124' title='bbox 1024 2820 1190 2895; x_wconf 79' lang='grc' dir='ltr'><strong><em>Σννονποὺς.</em></strong></span> <span class='ocrx_word' id='word_1_125' title='bbox 1217 2859 1250 2872; x_wconf 94' lang='grc'>-</span> <span class='ocrx_word' id='word_1_126' title='bbox 1271 2816 1400 2894; x_wconf 65' lang='lat' dir='ltr'><strong>lullae</strong></span> <span class='ocrx_word' id='word_1_127' title='bbox 1411 2821 1502 2909; x_wconf 60' lang='lat' dir='ltr'><strong>&lt;lxm</strong></span> <span class='ocrx_word' id='word_1_128' title='bbox 1520 2860 1556 2876; x_wconf 89' lang='lat'><em>-</em></span> 
     </span>
    </p>
   </div>
   <div class='ocr_carea' id='block_1_4' title="bbox 336 2938 1566 4858">
    <p class='ocr_par' dir='ltr' id='par_1_4' title="bbox 336 2938 1566 4858">
     <span class='ocr_line' id='line_1_18' title="bbox 546 2938 1343 3026; baseline 0.003 -16"><span class='ocrx_word' id='word_1_129' title='bbox 546 2943 598 3010; x_wconf 74' lang='grc' dir='ltr'><strong>ναὶ</strong></span> <span class='ocrx_word' id='word_1_130' title='bbox 621 2942 733 3021; x_wconf 72' lang='grc' dir='ltr'><strong><em>μάλα·</em></strong></span> <span class='ocrx_word' id='word_1_131' title='bbox 759 2947 809 3008; x_wconf 81' lang='grc' dir='ltr'><strong>νῦν</strong></span> <span class='ocrx_word' id='word_1_132' title='bbox 831 2942 863 3009; x_wconf 80' lang='lat' dir='ltr'><strong>tl</strong></span> <span class='ocrx_word' id='word_1_133' title='bbox 887 2944 981 3009; x_wconf 72' lang='grc' dir='ltr'><strong><em>θανὼν</em></strong></span> <span class='ocrx_word' id='word_1_134' title='bbox 1003 2942 1138 3024; x_wconf 66' lang='grc' dir='ltr'><strong><em>ἀστέρας</em></strong></span> <span class='ocrx_word' id='word_1_135' title='bbox 1162 2938 1240 3010; x_wconf 71' lang='grc' dir='ltr'><strong><em>οἶνον</em></strong></span> <span class='ocrx_word' id='word_1_136' title='bbox 1263 2942 1343 3026; x_wconf 73' lang='grc' dir='ltr'><strong><em>ἔχει.</em></strong></span> 
     </span>
     <span class='ocr_line' id='line_1_19' title="bbox 364 3066 1559 3151; baseline 0.001 -15"><span class='ocrx_word' id='word_1_137' title='bbox 364 3069 483 3136; x_wconf 80' lang='lat' dir='ltr'><strong>Viator</strong></span> <span class='ocrx_word' id='word_1_138' title='bbox 516 3069 712 3151; x_wconf 87' lang='lat' dir='ltr'><strong>interrogat,</strong></span> <span class='ocrx_word' id='word_1_139' title='bbox 749 3066 886 3148; x_wconf 90' lang='lat' dir='ltr'><strong>signum</strong></span> <span class='ocrx_word' id='word_1_140' title='bbox 922 3067 1111 3148; x_wconf 84' lang='lat' dir='ltr'><strong>respondet.</strong></span> <span class='ocrx_word' id='word_1_141' title='bbox 1147 3067 1229 3150; x_wconf 77' lang='lat' dir='ltr'><strong>Quis</strong></span> <span class='ocrx_word' id='word_1_142' title='bbox 1263 3068 1423 3135; x_wconf 83' lang='lat' dir='ltr'><strong>carminis</strong></span> <span class='ocrx_word' id='word_1_143' title='bbox 1453 3068 1559 3137; x_wconf 80' lang='lat' dir='ltr'><strong>tuerit</strong></span> 
     </span>
     <span class='ocr_line' id='line_1_20' title="bbox 364 3186 1563 3273; baseline 0.001 -15"><span class='ocrx_word' id='word_1_144' title='bbox 364 3193 482 3259; x_wconf 83' lang='lat' dir='ltr'><strong>auctor</strong></span> <span class='ocrx_word' id='word_1_145' title='bbox 515 3186 550 3237; x_wconf 87' lang='lat'><strong>&#39;-</strong></span> <span class='ocrx_word' id='word_1_146' title='bbox 586 3206 685 3273; x_wconf 92' lang='lat' dir='ltr'><strong>quem</strong></span> <span class='ocrx_word' id='word_1_147' title='bbox 717 3188 839 3255; x_wconf 89' lang='lat' dir='ltr'><strong>titulus</strong></span> <span class='ocrx_word' id='word_1_148' title='bbox 869 3187 955 3255; x_wconf 88' lang='lat' dir='ltr'><strong>celat</strong></span> <span class='ocrx_word' id='word_1_149' title='bbox 985 3188 1068 3273; x_wconf 85' lang='lat' dir='ltr'><strong>(Pal.</strong></span> <span class='ocrx_word' id='word_1_150' title='bbox 1093 3186 1216 3272; x_wconf 71' lang='lat' dir='ltr'><strong>linior,</strong></span> <span class='ocrx_word' id='word_1_151' title='bbox 1241 3188 1335 3268; x_wconf 83' lang='lat' dir='ltr'><strong>Plan.</strong></span> <span class='ocrx_word' id='word_1_152' title='bbox 1358 3189 1476 3258; x_wconf 90' lang='lat' dir='ltr'><strong>omisit</strong></span> <span class='ocrx_word' id='word_1_153' title='bbox 1499 3209 1563 3260; x_wconf 89' lang='lat' dir='ltr'><strong>suo</strong></span> 
     </span>
     <span class='ocr_line' id='line_1_21' title="bbox 366 3308 1562 3394; baseline 0.002 -15"><span class='ocrx_word' id='word_1_154' title='bbox 366 3328 458 3380; x_wconf 92' lang='lat' dir='ltr'><strong>more</strong></span> <span class='ocrx_word' id='word_1_155' title='bbox 499 3309 639 3378; x_wconf 89' lang='lat' dir='ltr'><strong>titulum</strong></span> <span class='ocrx_word' id='word_1_156' title='bbox 674 3308 856 3394; x_wconf 89' lang='lat' dir='ltr'><strong>incertum)</strong></span> <span class='ocrx_word' id='word_1_157' title='bbox 896 3346 930 3356; x_wconf 97' lang='lat'>-</span> <span class='ocrx_word' id='word_1_158' title='bbox 969 3310 1097 3392; x_wconf 88' lang='lat' dir='ltr'><strong>optimo</strong></span> <span class='ocrx_word' id='word_1_159' title='bbox 1132 3312 1203 3377; x_wconf 93' lang='lat' dir='ltr'><strong>iure</strong></span> <span class='ocrx_word' id='word_1_160' title='bbox 1237 3311 1457 3379; x_wconf 84' lang='lat' dir='ltr'><strong>Stadtmuller</strong></span> <span class='ocrx_word' id='word_1_161' title='bbox 1491 3313 1562 3381; x_wconf 89' lang='lat' dir='ltr'><strong>iam</strong></span> 
     </span>
     <span class='ocr_line' id='line_1_22' title="bbox 365 3431 1562 3518; baseline -0.002 -16"><span class='ocrx_word' id='word_1_162' title='bbox 365 3434 532 3517; x_wconf 88' lang='lat' dir='ltr'><strong>imprimis</strong></span> <span class='ocrx_word' id='word_1_163' title='bbox 561 3431 632 3501; x_wconf 92' lang='lat' dir='ltr'><strong>coll.</strong></span> <span class='ocrx_word' id='word_1_164' title='bbox 661 3450 713 3515; x_wconf 88' lang='lat' dir='ltr'><strong>ep.</strong></span> <span class='ocrx_word' id='word_1_165' title='bbox 745 3432 819 3498; x_wconf 84' lang='lat' dir='ltr'>VII.</span> <span class='ocrx_word' id='word_1_166' title='bbox 853 3431 919 3497; x_wconf 83' lang='lat'><strong>426</strong></span> <span class='ocrx_word' id='word_1_167' title='bbox 950 3449 1052 3514; x_wconf 88' lang='lat' dir='ltr'><strong>supra</strong></span> <span class='ocrx_word' id='word_1_168' title='bbox 1082 3432 1171 3499; x_wconf 90' lang='lat' dir='ltr'><strong>laud.</strong></span> <span class='ocrx_word' id='word_1_169' title='bbox 1203 3434 1398 3517; x_wconf 88' lang='lat' dir='ltr'><strong>suspicatus</strong></span> <span class='ocrx_word' id='word_1_170' title='bbox 1422 3438 1488 3518; x_wconf 81' lang='lat' dir='ltr'><strong>est,</strong></span> <span class='ocrx_word' id='word_1_171' title='bbox 1513 3453 1562 3503; x_wconf 90' lang='lat' dir='ltr'><strong>sc.</strong></span> 
     </span>
     <span class='ocr_line' id='line_1_23' title="bbox 365 3553 1564 3639; baseline 0.001 -16"><span class='ocrx_word' id='word_1_172' title='bbox 365 3556 548 3639; x_wconf 81' lang='lat' dir='ltr'><strong>Antipater</strong></span> <span class='ocrx_word' id='word_1_173' title='bbox 582 3555 758 3622; x_wconf 88' lang='lat' dir='ltr'><strong>Sidonius:</strong></span> <span class='ocrx_word' id='word_1_174' title='bbox 792 3556 833 3620; x_wconf 93' lang='lat' dir='ltr'><strong>ut</strong></span> <span class='ocrx_word' id='word_1_175' title='bbox 864 3553 900 3619; x_wconf 88' lang='lat' dir='ltr'><strong>in</strong></span> <span class='ocrx_word' id='word_1_176' title='bbox 930 3553 993 3620; x_wconf 89' lang='lat' dir='ltr'><strong>hoc</strong></span> <span class='ocrx_word' id='word_1_177' title='bbox 1023 3553 1074 3620; x_wconf 90' lang='lat' dir='ltr'><strong>leo</strong></span> <span class='ocrx_word' id='word_1_178' title='bbox 1107 3554 1239 3637; x_wconf 90' lang='lat' dir='ltr'><strong>insigne</strong></span> <span class='ocrx_word' id='word_1_179' title='bbox 1262 3559 1317 3622; x_wconf 89' lang='lat' dir='ltr'><strong>est</strong></span> <span class='ocrx_word' id='word_1_180' title='bbox 1336 3556 1564 3625; x_wconf 88' lang='lat' dir='ltr'><strong>adulescentis</strong></span> 
     </span>
     <span class='ocr_line' id='line_1_24' title="bbox 364 3672 1563 3762; baseline -0.002 -16"><span class='ocrx_word' id='word_1_181' title='bbox 364 3678 532 3762; x_wconf 85' lang='lat' dir='ltr'><strong>intrepidi,</strong></span> <span class='ocrx_word' id='word_1_182' title='bbox 565 3678 615 3745; x_wconf 89' lang='lat' dir='ltr'><strong>ita</strong></span> <span class='ocrx_word' id='word_1_183' title='bbox 645 3677 681 3743; x_wconf 97' lang='lat' dir='ltr'><strong>in</strong></span> <span class='ocrx_word' id='word_1_184' title='bbox 713 3676 767 3742; x_wconf 91' lang='lat' dir='ltr'><strong>illo</strong></span> <span class='ocrx_word' id='word_1_185' title='bbox 789 3676 884 3742; x_wconf 90' lang='lat' dir='ltr'><strong>canis</strong></span> <span class='ocrx_word' id='word_1_186' title='bbox 906 3672 1065 3751; x_wconf 70' lang='lat' dir='ltr'><strong>reperior</strong></span> <span class='ocrx_word' id='word_1_187' title='bbox 1088 3675 1218 3761; x_wconf 63' lang='lat' dir='ltr'><strong>(lace)</strong></span> <span class='ocrx_word' id='word_1_188' title='bbox 1241 3679 1296 3743; x_wconf 90' lang='lat' dir='ltr'><strong>est</strong></span> <span class='ocrx_word' id='word_1_189' title='bbox 1319 3677 1450 3762; x_wconf 82' lang='lat' dir='ltr'><strong>Cynici.</strong></span> <span class='ocrx_word' id='word_1_190' title='bbox 1473 3679 1563 3761; x_wconf 82' lang='lat' dir='ltr'><strong>Ergo</strong></span> 
     </span>
     <span class='ocr_line' id='line_1_25' title="bbox 364 3795 1563 3885; baseline -0.002 -17"><span class='ocrx_word' id='word_1_191' title='bbox 364 3819 437 3885; x_wconf 92' lang='lat' dir='ltr'><strong>epp.</strong></span> <span class='ocrx_word' id='word_1_192' title='bbox 462 3800 537 3867; x_wconf 89' lang='lat' dir='ltr'><strong>VII.</strong></span> <span class='ocrx_word' id='word_1_193' title='bbox 561 3800 604 3865; x_wconf 87' lang='lat'><strong>64</strong></span> <span class='ocrx_word' id='word_1_194' title='bbox 631 3799 670 3880; x_wconf 54' lang='grc'><strong>4-</strong></span> <span class='ocrx_word' id='word_1_195' title='bbox 696 3797 751 3872; x_wconf 84' lang='lat'><strong>65,</strong></span> <span class='ocrx_word' id='word_1_196' title='bbox 774 3799 958 3878; x_wconf 86' lang='lat' dir='ltr'><strong>utrumque</strong></span> <span class='ocrx_word' id='word_1_197' title='bbox 980 3795 1138 3878; x_wconf 85' lang='lat' dir='ltr'><strong>Diogenis</strong></span> <span class='ocrx_word' id='word_1_198' title='bbox 1161 3797 1372 3880; x_wconf 85' lang='lat' dir='ltr'><strong>epitaphium</strong></span> <span class='ocrx_word' id='word_1_199' title='bbox 1385 3798 1563 3878; x_wconf 83' lang='lat' dir='ltr'><strong>ficticium,</strong></span> 
     </span>
     <span class='ocr_line' id='line_1_26' title="bbox 365 3918 1566 4004; baseline -0.002 -15"><span class='ocrx_word' id='word_1_200' title='bbox 365 3921 505 4004; x_wconf 86' lang='lat' dir='ltr'><strong>gemella</strong></span> <span class='ocrx_word' id='word_1_201' title='bbox 530 3936 660 4003; x_wconf 87' lang='lat' dir='ltr'><strong>quoque</strong></span> <span class='ocrx_word' id='word_1_202' title='bbox 682 3934 758 3985; x_wconf 88' lang='lat' dir='ltr'><strong>esse</strong></span> <span class='ocrx_word' id='word_1_203' title='bbox 780 3918 949 3984; x_wconf 88' lang='lat' dir='ltr'><strong>videntur.</strong></span> <span class='ocrx_word' id='word_1_204' title='bbox 974 3918 1108 3985; x_wconf 83' lang='lat' dir='ltr'><strong>Titulus</strong></span> <span class='ocrx_word' id='word_1_205' title='bbox 1132 3921 1249 3986; x_wconf 91' lang='lat' dir='ltr'><strong>autem</strong></span> <span class='ocrx_word' id='word_1_206' title='bbox 1273 3919 1377 3987; x_wconf 87' lang='lat' dir='ltr'><strong>huius</strong></span> <span class='ocrx_word' id='word_1_207' title='bbox 1399 3921 1566 4004; x_wconf 82' lang='lat' dir='ltr'><strong>epigram·</strong></span> 
     </span>
     <span class='ocr_line' id='line_1_27' title="bbox 366 4040 1565 4127; baseline -0.001 -16"><span class='ocrx_word' id='word_1_208' title='bbox 366 4046 500 4111; x_wconf 92' lang='lat' dir='ltr'><strong>matum</strong></span> <span class='ocrx_word' id='word_1_209' title='bbox 518 4043 617 4127; x_wconf 90' lang='lat' dir='ltr'><strong>paris,</strong></span> <span class='ocrx_word' id='word_1_210' title='bbox 639 4040 725 4125; x_wconf 89' lang='lat' dir='ltr'><strong>quod</strong></span> <span class='ocrx_word' id='word_1_211' title='bbox 746 4041 943 4122; x_wconf 88' lang='lat' dir='ltr'><strong>saepissime</strong></span> <span class='ocrx_word' id='word_1_212' title='bbox 962 4040 997 4106; x_wconf 89' lang='lat' dir='ltr'><strong>in</strong></span> <span class='ocrx_word' id='word_1_213' title='bbox 1018 4040 1185 4121; x_wconf 87' lang='lat' dir='ltr'><strong>florilegiis</strong></span> <span class='ocrx_word' id='word_1_214' title='bbox 1204 4042 1388 4127; x_wconf 87' lang='lat' dir='ltr'><strong>usuvenit,</strong></span> <span class='ocrx_word' id='word_1_215' title='bbox 1402 4041 1565 4124; x_wconf 89' lang='lat' dir='ltr'><strong>primitus</strong></span> 
     </span>
     <span class='ocr_line' id='line_1_28' title="bbox 365 4161 1565 4247; baseline -0.002 -14"><span class='ocrx_word' id='word_1_216' title='bbox 365 4168 527 4233; x_wconf 83' lang='lat' dir='ltr'><strong>exaratus</strong></span> <span class='ocrx_word' id='word_1_217' title='bbox 550 4165 586 4230; x_wconf 94' lang='lat' dir='ltr'><strong>in</strong></span> <span class='ocrx_word' id='word_1_218' title='bbox 610 4164 758 4244; x_wconf 87' lang='lat' dir='ltr'><strong>margine</strong></span> <span class='ocrx_word' id='word_1_219' title='bbox 782 4162 872 4228; x_wconf 90' lang='lat' dir='ltr'><strong>inter</strong></span> <span class='ocrx_word' id='word_1_220' title='bbox 894 4161 1013 4244; x_wconf 87' lang='lat' dir='ltr'><strong>prioris</strong></span> <span class='ocrx_word' id='word_1_221' title='bbox 1035 4161 1289 4244; x_wconf 87' lang='lat' dir='ltr'><strong>epigrammatis</strong></span> <span class='ocrx_word' id='word_1_222' title='bbox 1310 4163 1440 4230; x_wconf 85' lang='lat' dir='ltr'><strong>exitum</strong></span> <span class='ocrx_word' id='word_1_223' title='bbox 1459 4167 1565 4247; x_wconf 79' lang='lat' dir='ltr'><strong>atque</strong></span> 
     </span>
     <span class='ocr_line' id='line_1_29' title="bbox 336 4283 1564 4383; baseline -0.002 -28"><span class='ocrx_word' id='word_1_224' title='bbox 336 4287 539 4383; x_wconf 73' lang='lat' dir='ltr'><strong>¹exordium</strong></span> <span class='ocrx_word' id='word_1_225' title='bbox 573 4284 766 4369; x_wconf 89' lang='lat' dir='ltr'><strong>posterioris</strong></span> <span class='ocrx_word' id='word_1_226' title='bbox 800 4283 979 4350; x_wconf 89' lang='lat' dir='ltr'><strong>obvenisse</strong></span> <span class='ocrx_word' id='word_1_227' title='bbox 1013 4283 1150 4350; x_wconf 85' lang='lat' dir='ltr'><strong>videtur</strong></span> <span class='ocrx_word' id='word_1_228' title='bbox 1183 4283 1245 4351; x_wconf 85' lang='lat' dir='ltr'><strong>soli</strong></span> <span class='ocrx_word' id='word_1_229' title='bbox 1279 4285 1465 4368; x_wconf 87' lang='lat' dir='ltr'><strong>posteriori,</strong></span> <span class='ocrx_word' id='word_1_230' title='bbox 1496 4303 1564 4369; x_wconf 89' lang='lat' dir='ltr'><strong>qno</strong></span> 
     </span>
     <span class='ocr_line' id='line_1_30' title="bbox 365 4404 1565 4493; baseline -0.005 -14"><span class='ocrx_word' id='word_1_231' title='bbox 365 4411 504 4493; x_wconf 87' lang='lat' dir='ltr'><strong>iactum,</strong></span> <span class='ocrx_word' id='word_1_232' title='bbox 528 4412 569 4477; x_wconf 92' lang='lat' dir='ltr'><strong>ut</strong></span> <span class='ocrx_word' id='word_1_233' title='bbox 592 4408 701 4476; x_wconf 90' lang='lat' dir='ltr'><strong>scriba</strong></span> <span class='ocrx_word' id='word_1_234' title='bbox 725 4405 777 4474; x_wconf 85' lang='lat' dir='ltr'><strong>vel</strong></span> <span class='ocrx_word' id='word_1_235' title='bbox 802 4406 906 4472; x_wconf 90' lang='lat' dir='ltr'><strong>lector</strong></span> <span class='ocrx_word' id='word_1_236' title='bbox 929 4405 1118 4487; x_wconf 83' lang='lat' dir='ltr'><strong>nescioquis</strong></span> <span class='ocrx_word' id='word_1_237' title='bbox 1142 4406 1235 4488; x_wconf 87' lang='lat' dir='ltr'><strong>prius</strong></span> <span class='ocrx_word' id='word_1_238' title='bbox 1254 4406 1354 4474; x_wconf 89' lang='lat' dir='ltr'><strong>titulo</strong></span> <span class='ocrx_word' id='word_1_239' title='bbox 1374 4406 1429 4474; x_wconf 92' lang='lat' dir='ltr'><strong>illo</strong></span> <span class='ocrx_word' id='word_1_240' title='bbox 1447 4404 1565 4483; x_wconf 70' lang='grc' dir='ltr'><strong><em>ἄδηλον</em></strong></span> 
     </span>
     <span class='ocr_line' id='line_1_31' title="bbox 365 4524 1564 4615; baseline -0.006 -14"><span class='ocrx_word' id='word_1_241' title='bbox 365 4535 510 4601; x_wconf 88' lang='lat' dir='ltr'><strong>ornaret.</strong></span> <span class='ocrx_word' id='word_1_242' title='bbox 542 4530 690 4597; x_wconf 90' lang='lat' dir='ltr'><strong>Dubium</strong></span> <span class='ocrx_word' id='word_1_243' title='bbox 717 4529 786 4595; x_wconf 92' lang='lat' dir='ltr'><strong>iam</strong></span> <span class='ocrx_word' id='word_1_244' title='bbox 818 4545 907 4594; x_wconf 91' lang='lat' dir='ltr'><strong>nunc</strong></span> <span class='ocrx_word' id='word_1_245' title='bbox 930 4524 1059 4593; x_wconf 92' lang='lat' dir='ltr'><strong>nullum</strong></span> <span class='ocrx_word' id='word_1_246' title='bbox 1083 4530 1200 4594; x_wconf 87' lang='lat' dir='ltr'><strong>extare</strong></span> <span class='ocrx_word' id='word_1_247' title='bbox 1223 4528 1358 4613; x_wconf 88' lang='lat' dir='ltr'><strong>poterit,</strong></span> <span class='ocrx_word' id='word_1_248' title='bbox 1382 4528 1463 4611; x_wconf 89' lang='lat' dir='ltr'><strong>quin</strong></span> <span class='ocrx_word' id='word_1_249' title='bbox 1487 4545 1564 4615; x_wconf 87' lang='lat' dir='ltr'><strong>epp</strong></span> 
     </span>
     <span class='ocr_line' id='line_1_32' title="bbox 364 4647 1563 4737; baseline -0.003 -15"><span class='ocrx_word' id='word_1_250' title='bbox 364 4672 441 4737; x_wconf 90' lang='lat' dir='ltr'><strong>app.</strong></span> <span class='ocrx_word' id='word_1_251' title='bbox 472 4654 566 4720; x_wconf 90' lang='lat' dir='ltr'><strong>Plan.</strong></span> <span class='ocrx_word' id='word_1_252' title='bbox 599 4654 642 4718; x_wconf 81' lang='lat'><strong>23</strong></span> <span class='ocrx_word' id='word_1_253' title='bbox 666 4652 704 4729; x_wconf 68' lang='lat' dir='ltr'><strong>l-</strong></span> <span class='ocrx_word' id='word_1_254' title='bbox 729 4652 781 4730; x_wconf 81' lang='lat'><strong>24,</strong></span> <span class='ocrx_word' id='word_1_255' title='bbox 806 4666 827 4714; x_wconf 87' lang='lat' dir='ltr'><strong>n</strong></span> <span class='ocrx_word' id='word_1_256' title='bbox 850 4648 972 4730; x_wconf 86' lang='lat' dir='ltr'><strong>quibus</strong></span> <span class='ocrx_word' id='word_1_257' title='bbox 996 4647 1135 4730; x_wconf 83' lang='lat' dir='ltr'><strong>proiecti</strong></span> <span class='ocrx_word' id='word_1_258' title='bbox 1159 4666 1290 4732; x_wconf 87' lang='lat' dir='ltr'><strong>sumus,</strong></span> <span class='ocrx_word' id='word_1_259' title='bbox 1314 4650 1386 4716; x_wconf 88' lang='lat' dir='ltr'><strong>sint</strong></span> <span class='ocrx_word' id='word_1_260' title='bbox 1409 4650 1563 4731; x_wconf 84' lang='lat' dir='ltr'><strong>gemella</strong></span> 
     </span>
     <span class='ocr_line' id='line_1_33' title="bbox 365 4754 1346 4858; baseline -0.01 -16"><span class='ocrx_word' id='word_1_261' title='bbox 365 4773 651 4858; x_wconf 85' lang='lat' dir='ltr'><strong>Recuperavimus</strong></span> <span class='ocrx_word' id='word_1_262' title='bbox 674 4773 843 4853; x_wconf 87' lang='lat' dir='ltr'><strong>igiturex</strong></span> <span class='ocrx_word' id='word_1_263' title='bbox 866 4769 1121 4852; x_wconf 81' lang='lat' dir='ltr'><strong>epigrammatis</strong></span> <span class='ocrx_word' id='word_1_264' title='bbox 1341 4754 1346 4761; x_wconf 78' lang='grc'><strong>’</strong></span> 
     </span>
    </p>
   </div>
   <div class='ocr_carea' id='block_1_5' title="bbox 0 0 1933 6006">
    <p class='ocr_par' dir='ltr' id='par_1_5' title="bbox 0 0 1933 6006">
     <span class='ocr_line' id='line_1_34' title="bbox 0 0 1933 6006; baseline 0 0"><span class='ocrx_word' id='word_1_265' title='bbox 0 0 1933 6006; x_wconf 95' lang='lat' dir='ltr'><strong> </strong></span> 
     </span>
    </p>
   </div>
  </div>
 </body>
</html>
