3848 6006
938 792 983 860 96

363 977 485 1044 statim
516 975 644 1043 reicias.
678 975 766 1042 Nam
795 974 882 1059 quod
912 973 995 1041 dicit
1022 973 1220 1057 Apologiam
1245 973 1429 1056 legitimam
1451 973 1566 1041 defen·

364 1100 470 1167 sionis
488 1098 633 1166 formam
654 1115 721 1164 non
741 1098 909 1181 praebere,
929 1098 962 1164 id
980 1115 1045 1165 non
1065 1097 1206 1181 impedit
1220 1097 1399 1180 quominus
1412 1096 1566 1163 Socratis

365 1220 473 1304 ipsius
508 1237 700 1287 sermonem
729 1234 770 1286 ea
799 1219 965 1286 contineri
998 1219 1176 1304 fateamur,
1207 1235 1308 1301 ouem
1338 1235 1404 1284 non
1431 1216 1566 1285 usitato

365 1342 462 1409 modo
492 1358 630 1408 causam
662 1341 771 1421 egisse
801 1356 863 1406 nec
892 1339 1030 1406 omnino
1063 1343 1104 1406 ut
1133 1338 1363 1406 absolveretur
1387 1336 1564 1404 studuisse

364 1465 510 1530 constat.
534 1460 626 1545 Quod
647 1478 727 1528 vero
750 1461 903 1528 ordinem
925 1461 1089 1529 orationis
1113 1458 1173 1528 tali
1196 1459 1337 1528 artificio
1357 1458 1563 1525 institutum

364 1599 440 1652 esse
469 1583 520 1650 ait
548 1586 590 1649 ut
619 1600 663 1649 ex
694 1585 844 1664 tempore
874 1581 990 1648 habita
1012 1597 1088 1649 esso
1110 1598 1177 1647 nou
1200 1560 1319 1664 possit,
1341 1597 1419 1646 cum
1441 1582 1562 1646 tamen

364 1703 536 1772 Socratem
560 1720 627 1771 nou
652 1703 816 1769 meditata
837 1703 989 1771 oratione
1013 1720 1115 1770 usum
1137 1718 1212 1769 esse
1234 1705 1364 1769 certum
1388 1700 1436 1768 sit
1464 1736 1497 1748 ·-
1523 1700 1562 1767 in

364 1824 581 1891 discernendo
614 1822 694 1907 quid
723 1824 759 1889 in
791 1822 929 1891 dicendo
958 1841 1001 1892 ex
1034 1827 1185 1907 tempore
1217 1822 1370 1891 homines
1400 1821 1561 1905 consequi

363 1945 497 2029 possint
529 1943 609 2027 quid
643 1962 721 2031 non,
758 1944 866 2011 trabit
900 1962 964 2011 sua
993 1962 1160 2028 quemque
1190 1944 1349 2026 voluptas
1379 1943 1561 2027 nequead

364 2084 565 2135 consensum
590 2066 768 2149 perducere
791 2065 988 2134 dubitantes
1010 2065 1107 2134 facile
1128 2066 1242 2135 merit.

409 2188 473 2256 Sed
493 2193 533 2256 ut
551 2187 633 2265 dixi,
651 2192 734 2255 sunt
751 2187 818 2256 alia
835 2205 922 2272 quae
940 2188 1096 2257 Sobanmi
1111 2189 1318 2256 sententiam
1333 2187 1560 2255 corroborant.

363 2309 515 2377 Primum
539 2309 753 2391 reperiuntur
775 2309 1056 2378 contradictiones
1077 2310 1240 2393 quaedem
1263 2327 1350 2395 quae
1367 2311 1403 2376 ln
1423 2308 1562 2378 Socrate

363 2433 539 2513 perorante
569 2428 676 2497 multo
699 2429 870 2498 offendant
893 2432 1001 2512 magis
1023 2449 1126 2515 quam
1148 2431 1178 2498 si
1200 2430 1348 2499 libellum
1372 2431 1562 2513 cogitemus

363 2550 513 2619 Platonis
545 2550 636 2636 stylo
670 2555 859 2619 exaratum.
903 2552 990 2619 Nam
1024 2553 1083 2634 qui
1117 2553 1312 2620 memoriter
1341 2554 1443 2620 verba
1476 2552 1561 2621 facit

362 2677 475 2742 orator
503 2673 531 2739 si
554 2672 618 2739 sibi
641 2676 837 2740 constanter
859 2689 927 2739 non
950 2673 1106 2758 loquitur,
1130 2673 1252 2741 statim
1275 2673 1376 2740 fidem
1398 2673 1462 2741 sibi
1486 2673 1561 2758 ipse

363 2795 533 2874 detrabat;
569 2794 604 2860 in
639 2793 799 2875 scriptore
832 2797 950 2861 autom
981 2792 1064 2861 talia
1093 2793 1190 2861 iacsse
1219 2793 1471 2861 condonanturr
1504 2792 1560 2862 ille

361 2916 453 2984 enim
471 2915 562 2983 sacta
579 2914 686 2981 tradit
705 2931 809 2992 mera,
828 2914 902 2981 sine
920 2914 1157 2998 discrepantiia
1171 2914 1333 2997 ponende,
1350 2914 1406 2983 bie
1419 2932 1558 2983 cmsum

362 3032 565 3100 narrationis
595 3049 741 3116 sequens
769 3035 806 3102 in
837 3035 980 3116 singulis
1012 3028 1127 3104 tamen
1151 3036 1306 3120 partibus
1328 3036 1464 3103 liberius
1486 3054 1557 3105 ver·

362 3156 469 3230 satur,
502 3171 581 3221 cum
617 3154 728 3223 maius
761 3155 870 3236 agitet
903 3156 1090 3224 consilium.
1120 3155 1210 3224 Dicit
1237 3155 1393 3224 Socrates
1416 3175 1448 3240 p.
1472 3158 1557 3225 2313

361 3274 541 3358 quominus
570 3292 643 3343 rem
672 3277 840 3359 publicam
870 3280 1027 3360 capessat
1047 3277 1290 3362 impedimento
1311 3294 1387 3346 esse
1408 3278 1558 3347 officium

361 3412 383 3462 a
411 3396 473 3464 deo
502 3396 564 3463 tibi
595 3398 793 3466 mandatum
826 3399 1042 3467 examinandi
1072 3400 1226 3468 homines
1256 3398 1334 3488 „tet
1356 3398 1476 3477 ταύτης
1500 3407 1557 3477 rte

360 3517 520 3598 ἆτχολίατ
554 3516 648 3584 οὔτε
682 3542 720 3585 τι
756 3525 831 3585 τῶν
863 3527 934 3596 τῆς
968 3519 1127 3594 stares
1161 3519 1282 3602 πρᾶξαί
1314 3544 1368 3600 μοι
1403 3522 1556 3604 [exotici]

361 3636 489 3718 ytyom
509 3636 594 3717 ἄξων
613 3639 708 3720 tiron
726 3640 797 3707 otiu
810 3642 869 3706 τῶν
880 3641 1028 3720 einricv'’‚
1043 3660 1076 3726 p.
1088 3642 1129 3710 31
1141 3642 1171 3709 D
1185 3643 1221 3710 rt
1236 3641 1390 3722 δαιμόνιον
1401 3643 1556 3730 (σημεῖον)

361 3776 531 3829 removere
561 3778 599 3829 se
628 3780 650 3829 a
675 3764 843 3845 republica
863 3764 1134 3832 administranda
1156 3766 1309 3849 perbibet
1335 3768 1444 3854 „retro
1468 3766 1554 3848 (scil.

360 3879 397 3947 rt
419 3881 582 3964 δαιμόνιον)
604 3880 687 3950 ἔστιν
709 3881 728 3949 i
748 3907 800 3962 μοι
824 3885 1015 3953 ἐναντιοῦται
1040 3886 1084 3952 τὰ
1108 3885 1256 3952 πολιτικὰ
1277 3886 1458 3968 πράττειν’.
1477 3888 1556 3957 Ora·

359 4003 474 4070 culum
492 4004 737 4088 obacrcpbonti
756 4007 924 4075 redditum
942 4007 1078 4076 unicam
1094 4007 1246 4077 labomm
1261 4027 1401 4078 suorum
1416 4027 1555 4079 causam

360 4125 459 4193 affort
486 4144 519 4209 p.
544 4125 628 4193 2813
657 4128 770 4215 ,μήτ’
794 4122 843 4194 οὖν
868 4128 929 4208 ἐγὼ
953 4127 1012 4207 μὶν
1034 4126 1079 4194 ἔτι
1104 4129 1157 4195 καὶ
1181 4133 1232 4196 νῦν
1255 4130 1372 4212 περιιὸν
1395 4129 1477 4213 ζητῶ
1500 4130 1554 4197 acl

360 4245 464 4328 ἕρευνῶ
488 4248 574 4313 κατὰ
598 4246 650 4313 τὸν
673 4245 778 4315 3εδν”·
809 4247 914 4318 latius
935 4255 1052 4319 autom
1075 4250 1223 4336 loquitur
1246 4273 1278 4338 p.
1302 4252 1385 4321 330
1411 4252 1498 4342 „luel
1522 4252 1555 4320 tl

359 4368 727 4453 τοῦττ,ο1τὲγῶφημι,
751 4369 983 4453 προστέτακται
1007 4371 1065 4438 ὑπὸ
1084 4377 1138 4438 τοῦ
1162 4369 1238 4439 θεοῦ
1261 4372 1410 4456 τρὶτττιν
1434 4373 1486 4440 xci
1511 4375 1554 4442 ἔτι

359 4490 565 4570 μαντείων
594 4491 662 4557 καὶ
695 4491 738 4572 ἐξ
768 4493 962 4561 ἐνυπνίων
993 4494 1061 4560 καὶ
1093 4494 1218 4560 παντὶ
1248 4493 1412 4577 τρδτῳ”.
1439 4496 1556 4566 Habes

358 4631 392 4697 p.
416 4612 499 4680 313
525 4613 579 4699 „ot
602 4612 667 4696 γὰρ
690 4611 773 4680 ἔστιν
797 4610 880 4689 ὅστις
904 4612 1069 4697 &viperee
1093 4613 1271 4691 σωθήσεται
1294 4615 1365 4683 οὔτε
1390 4616 1463 4695 ὑμῖν
1482 4617 1554 4685 οὔτε

359 4732 448 4814 ἄλλῳ
473 4733 588 4810 πλήθει
613 4735 706 4802 οὐδενὶ
732 4737 863 4816 γνησίως
888 4737 1147 4817 trabeatum&
1171 4738 1351 4808 Sententia
1369 4738 1480 4808 fusius
1497 4756 1554 4807 ex·
