3848 6006
937 841 1004 908 449

373 1024 462 1090 euim
486 1041 553 1090 non
578 1024 676 1091 modo
697 1022 853 1106 languide
875 1023 1037 1108 loquendo
1058 1023 1305 1107 impudicitiam
1327 1042 1428 1093 suam
1446 1022 1568 1107 prodit,

373 1145 430 1212 sed
453 1144 641 1228 suspectior
662 1147 718 1212 est
739 1144 899 1212 cinaedus
922 1161 1003 1213 voce
1025 1145 1116 1213 molli
1139 1150 1175 1212 et
1197 1146 1403 1223 effeminata,
1423 1145 1465 1213 ci.
1484 1144 1568 1213 Geli.

372 1266 419 1332 111
443 1265 481 1348 5;
505 1265 644 1332 Phaedr,
668 1266 716 1334 VI
740 1269 774 1344 9,
798 1267 835 1344 23
861 1266 936 1333 Iuv.
959 1266 991 1333 11
1018 1267 1092 1336 111.
1116 1265 1244 1334 Gertaii
1267 1267 1462 1335 coniectura
1482 1270 1513 1334 et
1530 1267 1568 1333 tu

368 1391 464 1471 pacta
484 1389 589 1455 noetio
610 1389 795 1472 suspectior
816 1394 874 1467 (sc.
897 1405 1000 1471 quam
1022 1389 1058 1456 iu
1081 1390 1180 1472 pacta
1203 1387 1342 1456 ultionis
1364 1391 1401 1455 et
1419 1388 1568 1456 coniura-

373 1508 486 1588 tionis)
513 1509 587 1577 sine
616 1509 725 1592 ipsius
754 1509 976 1594 explicatione
1006 1526 1122 1578 vereor
1153 1527 1197 1577 ne
1226 1527 1295 1578 non
1319 1509 1476 1578 omnibus
1498 1524 1568 1591 per·

372 1631 487 1713 spicua
510 1632 568 1699 eit

863 1814 920 1882 De
955 1814 1030 1883 ira.

415 1989 517 2076 13⁴5
540 1999 580 2065 8:
603 2015 644 2064 ea
666 2013 701 2064 eo
720 2014 910 2082 prauumue
932 1997 1069 2065 diarum
1092 1995 1320 2083 (animulam)
1338 1995 1567 2080 tumultusque

372 2116 570 2185 commus
599 2121 693 2196 auat,
723 2121 832 2187 metue
862 2123 976 2187 autem
996 2120 1300 2202 edticttudiueeque
1320 2121 1352 2184 et
1373 2118 1515 2185 tristitia
1536 2120 1567 2183 et

371 2238 428 2306 iro
460 2257 529 2307 aaa
548 2242 639 2326 eunt,
662 2240 723 2308 sed
744 2240 798 2308 iio
820 2241 985 2325 quaedam
1007 2242 1156 2309 uratia:
1178 2240 1249 2309 ideo
1270 2241 1333 2309 cito
1355 2240 1481 2308 cadunt
1503 2237 1566 2325 (ea.

370 2376 548 2442 procursus
581 2361 830 2446 tumultusque)
862 2365 892 2430 et
921 2365 1102 2430 mutantur
1128 2364 1167 2430 ta
1196 2362 1407 2430 contrarium
1436 2364 1467 2428 et
1487 2377 1566 2428 aum

370 2484 533 2550 acerrime
555 2485 746 2551 eaeuuruat
765 2488 1034 2569 apaoeruniqu
1053 2485 1112 2569 (ec.
1132 2481 1318 2568 animalia),
1332 2485 1566 2569 paeauaturet

370 2619 410 2669 ea
430 2602 573 2686 srauitu
595 2604 819 2688 discursuque
837 2622 956 2673 ueeuuc
974 2607 1089 2672 atatim
1109 2607 1202 2689 quiea
1219 2621 1383 2689 soporque
1400 2605 1565 2688 sequitur.

413 2724 697 2808 Quotiescumque
734 2725 816 2793 haee
853 2727 957 2794 verba
991 2725 1132 2809 perlego,
1168 2725 1298 2794 offendo
1334 2725 1369 2792 in
1405 2725 1565 2794 vocabalo

364 2849 566 2930 pasuautur,
597 2847 684 2929 quod
715 2863 824 2931 neque
854 2864 973 2914 vorum
1003 2850 1057 2915 est
1087 2864 1195 2931 neque
1217 2845 1339 2915 saltem
1361 2847 1412 2916 ita
1433 2847 1469 2914 in
1493 2846 1564 2914 uni·

369 2982 507 3034 versum
527 2966 592 3033 diei
615 2970 736 3052 potest,
761 2969 857 3052 quasi
879 2968 934 3036 hic
957 2985 1032 3036 mos
1051 2967 1250 3037 animalium
1272 2967 1395 3054 vacat,
1415 2971 1456 3036 ut
1475 2970 1564 3052 post·

368 3104 470 3170 qnam
493 3087 689 3156 saevierunt
708 3088 761 3156 vel
780 3094 1002 3173 expaverunt,
1014 3090 1050 3158 in
1062 3092 1251 3174 pastionem
1263 3091 1411 3159 redeant.
1424 3091 1565 3159 Accedit

368 3209 454 3293 quod
474 3209 600 3277 Seneca
618 3209 653 3277 iu
673 3210 836 3294 proximis
852 3211 941 3279 dixit
960 3211 1212 3280 tumultnsiilos
1225 3212 1268 3280 in
1287 3211 1563 3280 contrarium

370 3331 505 3409 mutari¹
538 3332 693 3413 quocirca
725 3332 761 3398 in
792 3332 1010 3415 sequentibus
1040 3350 1107 3400 nau
1137 3333 1303 3416 pastionis
1334 3333 1472 3419 mentio,
1504 3333 1563 3401 sed

368 3453 471 3521 animi
505 3456 620 3521 status
649 3454 813 3521 tumultui
841 3455 999 3523 contrarii
1030 3457 1259 3538 exspectatur.
1290 3455 1409 3538 Itaque
1431 3454 1563 3537 aptissi·

369 3593 462 3643 mum
480 3575 546 3642 erit
564 3575 770 3642 sententiae:
785 3579 969 3660 pacantur.
988 3575 1152 3644 Statim
1171 3578 1272 3659 enim,
1293 3577 1405 3661 inquit
1424 3575 1561 3662 Seneca,

368 3715 411 3766 ex
432 3698 570 3766 iremitu
592 3698 812 3781 discursuque
834 3699 931 3783 quies
953 3716 1118 3783 soporque
1141 3700 1308 3784 sequitur.

411 3820 495 3887 113
519 3823 564 3900 st
590 3821 686 3887 1-2.
720 3819 807 3888 ‘Pata
835 3821 1047 3890 ratiocinatio
1077 3820 1112 3888 iu
1142 3821 1243 3889 huius
1274 3820 1397 3904 capitis
1427 3821 1563 3890 exordio

367 3941 463 4010 docet
481 3941 643 4009 &necem
660 3940 892 4009 demonstrare
911 3938 1059 4009 voluisse
1077 3941 1184 4009 iram
1202 3958 1269 4009 uon
1282 3957 1358 4010 esso
1373 3943 1415 4009 in
1434 3943 1562 4011 bonis

367 4063 627 4132 numerandam:
647 4061 736 4131 bona
754 4063 846 4130 enim
864 4061 1054 4130 accessione
1073 4061 1219 4145 quadam
1238 4062 1316 4130 bani
1331 4062 1467 4130 meliora
1478 4062 1561 4140 fleri,

366 4185 460 4253 velut
489 4184 659 4253 iustitiam
689 4187 725 4252 et
748 4184 991 4266 tortitudinem,
1014 4183 1100 4251 iram
1123 4186 1248 4267 tamen,
1272 4201 1338 4267 quo
1361 4183 1468 4251 maior
1489 4182 1559 4267 flat,

365 4323 404 4375 eo
426 4307 572 4391 peiorem
593 4323 678 4374 esse.
702 4306 793 4389 Quae
815 4305 1063 4388 argumentatio
1085 4304 1246 4388 postulat,
1265 4308 1306 4372 ut
1324 4304 1422 4372 tuitio
1440 4305 1562 4388 nuptiis

365 4430 413 4497 sic
434 4429 605 4512 legamus:
627 4428 745 4496 danda
763 4446 848 4513 quae
866 4427 1018 4496 habenda
1035 4428 1119 4493 auoit
1138 4424 1199 4514 <ia
1211 4421 1340 4511 doato),
1353 4444 1418 4510 qua
1430 4427 1560 4494 maima

364 4567 398 4618 eo
420 4550 559 4619 meliora
582 4552 657 4633 cet,
681 4550 767 4632 quod
791 4549 1077 4632 supplementum,
1100 4547 1169 4615 iam
1191 4564 1213 4614 a
1235 4545 1349 4631 Lipsio
1370 4547 1561 4630 probatum,

364 4672 447 4740 mihi
476 4671 612 4739 videtur
642 4670 895 4754 praeterendum
920 4686 995 4738 esse
1019 4668 1177 4749 Madvigii
1199 4668 1410 4737 coniecturae
1430 4669 1560 4737 aucuda

364 4793 437 4880 (pro
460 4793 632 4872 aadmda),

1426 4912 1458 4960 so
