3848 6006
945 827 966 893 6

358 1012 564 1080 confidenter
585 1011 762 1078 coniecerit
785 1011 827 1078 ad
849 1011 943 1093 epica
966 1010 1102 1094 Anytes
1120 1010 1280 1093 cennius,
1301 1027 1387 1093 quae
1406 1014 1557 1078 aetatem

358 1151 425 1200 non
452 1132 599 1216 tulerint,
624 1132 658 1197 id
680 1132 855 1214 epitheton
876 1147 951 1198 esse
970 1131 1189 1215 referendum,
1212 1131 1434 1214 Antipatrum
1454 1133 1555 1213 signi·

359 1255 479 1321 flcasse
520 1253 616 1320 virile
649 1253 816 1336 quoddam
849 1253 1024 1334 ingenium
1058 1253 1235 1319 ostendere
1268 1256 1405 1337 Anytes
1438 1255 1555 1335 poesin

359 1379 476 1443 censet
505 1376 587 1457 ipse.
622 1375 690 1456 Ego
719 1374 755 1440 in
778 1374 961 1457 specimine
985 1372 1173 1453 inaugurali
1188 1370 1214 1458 ¹)
1237 1375 1355 1456 scripsi
1377 1375 1476 1441 haec:
1503 1377 1557 1460 [eo

359 1497 570 1581 cognomine]
606 1496 753 1563 indicare
787 1497 934 1563 voluisse
970 1496 1105 1562 videtur
1142 1496 1325 1578 Antipater
1360 1514 1438 1564 eum
1468 1498 1559 1564 inter

360 1621 507 1702 poetrIas
536 1620 753 1702 occupavisse
776 1619 887 1686 locum
911 1619 1062 1702 Anyten,
1088 1635 1189 1701 quem
1213 1619 1303 1685 inter
1326 1622 1425 1686 vates
1447 1621 1559 1686 tenuit

363 1743 541 1809 Homerus.

407 1865 532 1931 Omnes
555 1864 616 1929 has
638 1863 937 1945 interpretationes
957 1881 978 1929 a
996 1881 1076 1930 vero
1095 1863 1248 1930 aberrare
1267 1864 1359 1930 hisce
1378 1864 1559 1946 postremis

362 1988 462 2054 annis
486 1987 568 2052 mihi
591 1986 758 2069 apparuit.
779 1985 862 2068 qnid
882 1986 1000 2052 enirn?
1022 1977 1108 2052 Cum
1127 1985 1298 2067 discipulis
1318 1985 1403 2051 meis
1421 1984 1558 2050 iliadem

363 2108 613 2193 Odysseamque
655 2108 769 2189 legens
811 2126 851 2174 ac
892 2108 1053 2188 relegens,
1097 2108 1281 2174 identidem
1314 2107 1437 2174 offendi
1471 2108 1560 2174 locos

363 2230 559 2297 HomerIcos
590 2228 738 2310 poetriae
764 2228 1019 2311 epigrammatis
1051 2234 1123 2295 tam
1154 2229 1292 2311 similes,
1325 2234 1366 2295 ut
1397 2229 1468 2296 fleri
1491 2246 1558 2295 non

364 2352 482 2434 possit,
507 2351 588 2433 quin
611 2351 745 2417 credam
769 2348 877 2417 multa
901 2368 945 2416 ex
969 2351 1104 2434 Anytes
1125 2350 1331 2417 carminibus
1353 2368 1466 2417 meras
1484 2367 1560 2416 esse

361 2473 618 2541 retractationes
653 2472 909 2539 Homericorum
941 2489 1113 2539 versuum.
1146 2471 1194 2538 De
1220 2472 1464 2554 epigrammate
1495 2472 1560 2537 VH

363 2595 429 2661 486
451 2597 533 2662 ante
556 2594 617 2661 hos
639 2611 764 2662 novem
785 2611 894 2660 annos
914 2595 947 2660 id
967 2595 1037 2660 iam
1055 2593 1249 2660 observavit
1269 2592 1560 2671 Stadtmuellerus

362 2716 420 2799 qui
454 2715 490 2781 in
525 2715 749 2797 Anthologiae
783 2716 929 2782 editione
963 2733 1027 2781 sua
1061 2715 1103 2781 ad
1138 2715 1201 2782 hoc
1231 2732 1367 2781 carmen
1398 2717 1559 2782 annotat:

362 2836 627 2904 obversabantur
656 2836 794 2919 Anytae
825 2852 946 2902 versus
976 2835 1146 2903 Homerici
1176 2836 1214 2902 Il.
1245 2836 1368 2902 XXIII
1398 2837 1462 2902 102
1487 2854 1559 2919 sqq.

362 2958 441 3039 Ipsa
470 2956 505 3022 in
537 2957 720 3039 specimine
734 2955 760 3042 ²)
790 2957 917 3039 aliquot
948 2958 1086 3023 Homeri
1108 2961 1144 3024 et
1168 2958 1303 3042 Anytes
1326 2976 1448 3025 versus
1471 2959 1562 3025 iuter

364 3094 401 3145 se
432 3077 634 3160 comparavi,
667 3077 737 3154 sed,
767 3081 807 3144 ut
842 3078 891 3161 iit,
924 3095 1003 3144 cum
1033 3079 1117 3144 mihi
1146 3083 1229 3144 tunc
1260 3080 1394 3146 deesset
1424 3083 1560 3161 tempus

364 3203 520 3268 accurate
549 3199 780 3282 perscrutandi
810 3200 920 3266 totam
948 3199 1162 3267 Homericam
1186 3201 1312 3285 poesin,
1337 3219 1404 3268 non
1428 3217 1562 3285 semper

364 3337 426 3388 acu
449 3337 521 3387 rem
544 3320 652 3401 tetigi.

410 3442 494 3526 Quia
528 3444 644 3508 autem
675 3440 812 3525 longum
842 3445 898 3510 est
928 3460 1056 3520 omnes,
1088 3462 1172 3527 quos
1202 3445 1402 3512 retractavit
1433 3447 1561 3529 Anyto,

364 3563 452 3631 locos
476 3565 672 3633 Homericos
695 3584 786 3633 nunc
808 3567 1006 3649 exscribere,
1032 3571 1203 3650 praestare
1223 3567 1358 3635 videtur
1378 3567 1488 3635 fusius
1507 3584 1562 3633 me

365 3685 473 3753 dicere
504 3686 544 3753 de
574 3704 643 3753 uno
673 3687 821 3770 poetriae
852 3687 1011 3765 carmIne,
1042 3688 1140 3770 quod,
1160 3691 1361 3769 argumento
1384 3689 1562 3772 desumpto

366 3807 409 3873 ab
440 3806 599 3891 Odyssea,
630 3812 762 3891 praeter
792 3817 904 3876 cetera
934 3810 1084 3876 abundat
1115 3810 1302 3876 Homericis
1326 3810 1561 3878 locutionibus.

366 3927 429 3995 Est
453 3932 570 3996 autem
594 3929 816 4012 Anthologiae
838 3947 889 4013 ep.
915 3931 980 3998 VII
1004 3932 1090 3998 646:

412 4075 548 4146 Λαίσθια
573 4077 608 4154 δὴ
631 4079 708 4146 τάδε
733 4081 828 4163 πατρὶ
854 4079 962 4164 Φίλα
986 4082 1067 4163 περὶ
1090 4089 1208 4164 χεῖρε
1231 4081 1432 4161 βαλοῦσα

458 4199 521 4268 εἶπ’
547 4202 666 4283 Ἐρατὼ
690 4211 823 4287 χλωραῖς
847 4203 974 4286 δάκρυσι
995 4203 1187 4285 λειβομένα·

408 4319 462 4392 ’Ὦ
485 4323 596 4406 πάτερ,
621 4325 663 4393 οὔ
685 4349 731 4391 rer
756 4323 808 4392 ἔτ’
832 4327 908 4407 εἰμί,
933 4325 1066 4406 μέλας
1091 4325 1203 4405 abab
1221 4325 1312 4407 ὄμμα
1330 4327 1538 4395 καλύπτει

460 4447 515 4525 ἤδη
539 4445 765 4531 celebrabar
791 4447 915 4523 κυάνεος
939 4445 1090 4521 θάνατος.

404 4722 428 4785 l)
444 4721 531 4773 Studia
548 4720 573 4772 in
590 4721 683 4788 Anyto·
700 4721 808 4788 poetriae
826 4721 945 4773 vitamet
962 4721 1099 4773 carminum
1116 4721 1234 4788 reliquiar
1252 4739 1308 4789 pag.
1325 4724 1365 4773 46.

404 4803 429 4868 Β)
446 4819 517 4871 pagg.
535 4803 679 4854 loa-111.
