3848 6006
307 177 420 240 vernis
443 174 554 239 creber
576 173 676 256 stricti
698 190 872 256 perperam
892 190 912 240 e
930 175 1157 257 superioribus
1176 175 1310 241 iteratis
1324 178 1361 242 et
1377 176 1445 242 iam

253 312 274 361 a
308 294 455 376 Zieglero
488 294 661 360 damnatis
692 294 863 362 substituo
896 294 1027 375 irrdioct,
1060 295 1147 378 quod
1177 299 1219 362 ut
1243 295 1445 372 inseramus,

252 416 373 484 suadet
394 433 473 483 cum
495 414 696 498 praecedens
718 432 785 483 vox
810 417 886 483 tum
910 415 1102 498 insequens.
1125 415 1211 496 urge
1234 416 1445 498 reponimus:

252 542 294 605 ut
332 539 414 606 haec
445 537 612 605 inmodica
647 531 816 622 (indicet)
852 541 889 604 et
923 538 965 605 ab
1000 537 1217 621 inpudentiae
1251 537 1446 605 temeritate
1576 640 1578 645 Ι

253 659 437 726 venientia.

253 839 432 922 H1to,12
452 840 624 924 027227
645 840 720 918 (Pro
740 839 851 907 Plano.
872 842 985 920 5102)
1012 840 1212 908 Salutem
1236 841 1323 909 tibi
1346 841 1445 908 dare

252 966 451 1046 possunt,
475 962 548 1045 qui
571 961 677 1029 mihi
700 961 1003 1029 reddiderunt.

298 1083 408 1151 Nimis
430 1083 496 1150 loe.
521 1084 576 1150 Ao
599 1083 841 1167 permovendos
860 1082 985 1151 iudices
1005 1083 1235 1168 procliviorem
1255 1085 1335 1152 lacit
1357 1085 1446 1168 inpe-

253 1205 366 1273 trandi
394 1204 591 1273 facilitatem
622 1205 834 1273 constituens
865 1205 900 1270 in
934 1223 1050 1273 eorum
1084 1206 1309 1275 misericordia
1337 1207 1447 1274 firma·

253 1331 410 1395 mentum
433 1325 554 1394 salutis
576 1326 637 1394 On.
661 1326 797 1405 Plancii,
820 1344 878 1409 per
901 1344 985 1409 quos
1008 1327 1081 1410 ipse
1104 1329 1152 1394 sit
1170 1328 1317 1394 redit-um
1335 1345 1447 1394 conse

252 1454 365 1517 cutus.
399 1447 454 1516 Ita
487 1447 657 1530 eleganter
689 1451 725 1515 et
759 1466 818 1531 pro
849 1465 886 1515 se
917 1449 1044 1530 gratiae
1074 1451 1210 1531 agitet
1241 1449 1319 1517 huic
1350 1466 1446 1534 peree

252 1570 479 1638 humanitetie
501 1574 648 1637 eventus
670 1571 878 1653 deprecatur.

212 1705 215 1710 ·
298 1691 432 1759 conicio
467 1694 539 1759 tres
570 1689 704 1759 litterae
737 1692 863 1758 letinae
896 1692 957 1758 lica
984 1695 1160 1774 corruptae
1189 1709 1265 1759 esee
1295 1711 1314 1760 e
1344 1693 1446 1760 verbo

253 1814 380 1882 Graeco
415 1817 530 1886 canoa
567 1813 656 1881 Cave
689 1815 858 1896 praeferas
889 1814 1075 1898 παθητικῶς,
1105 1832 1185 1881 nam
1216 1815 1344 1896 optimo
1374 1814 1446 1881 iure

253 1935 381 2018 Ziegler
398 1938 477 2019 poet
496 1935 656 2002 ultimum
674 1937 811 2003 demum
831 1936 957 2002 lemma
972 1937 1074 2003 huius
1093 1936 1271 2004 orationis:
1285 1936 1446 2003 Mecum

252 2074 329 2125 vos
352 2056 485 2125 simul
507 2057 578 2124 hic
602 2057 879 2123 miserrimus
902 2062 946 2124 et
968 2059 1165 2139 optimus
1188 2053 1446 2125 obtestatur

253 2194 412 2263 parens
446 2181 488 2246 et
524 2195 599 2261 pro
630 2194 713 2244 uno
743 2176 844 2244 lilio
875 2177 956 2244 duo
986 2182 1139 2260 patres
1162 2178 1447 2261 deprecamur

252 2300 288 2367 in
311 2299 509 2382 congruenti
532 2299 641 2381 spatio
663 2298 870 2380 requirebat:
894 2298 1068 2375 παθητικῶς
1092 2300 1199 2367 valde.

253 2483 287 2550 H
308 2481 381 2560 lor,
402 2481 444 2549 16
468 2480 494 2548 0
514 2480 626 2563 elno
650 2479 712 2564 (De
736 2496 812 2547 aere
834 2481 941 2548 alieno
965 2480 1032 2548 Mil.
1058 2481 1175 2563 fragm.
1200 2483 1320 2563 XXII)
1344 2483 1446 2550 Tum

252 2604 453 2673 habuisti
483 2601 690 2687 quasdam
722 2601 995 2687 formidines,
1031 2600 1185 2692 <quae>
1217 2606 1343 2688 quasi
1365 2622 1445 2671 cor-

252 2742 338 2794 nua
359 2725 567 2808 quaedam
591 2722 859 2791 exciderunt
882 2723 1075 2807 impleta.

405 2864 472 2931 qua
504 2845 541 2912 P.
561 2844 713 2912 Clodium
743 2843 785 2912 ad
818 2845 906 2911 ferae
930 2845 1071 2913 articulus
1094 2850 1130 2912 et
1155 2846 1271 2914 beluae
1293 2846 1446 2914 similitu·

253 2969 367 3037 dinem
390 2967 579 3036 describsit.

298 3090 364 3158 Hic
395 3107 417 3156 a
447 3088 605 3173 Zieglero,
637 3089 691 3156 cui
723 3086 890 3169 μεταφορὰ
921 3087 1139 3155 inserendum
1170 3085 1288 3170 placet,
1320 3088 1444 3172 recedo,

254 3229 334 3279 nam
356 3211 441 3278 mihi
462 3212 498 3277 in
521 3210 642 3277 monna
662 3210 683 3275 9
701 3209 892 3277 litterarum
913 3225 997 3292 opus
1017 3226 1092 3275 esse
1112 3207 1248 3276 videtur
1267 3206 1446 3276 vocabulo:

253 3333 441 3411 ἀλληγορία.
476 3331 565 3398 Huic
599 3331 833 3413 supplemento
867 3329 962 3396 favet
992 3330 1035 3408 (H
1058 3332 1112 3407 86,
1134 3332 1184 3409 2);
1216 3331 1303 3412 quod
1333 3331 1446 3413 ipsum

254 3453 351 3522 nobie
372 3453 409 3520 in
431 3453 546 3519 omnia
569 3449 764 3530 ἀλληγοροκοὶ
789 3450 996 3518 servandum
1019 3454 1073 3517 eet
1090 3448 1121 3530 ¹).

254 3637 410 3720 Η162,5
433 3635 606 3713 octale
631 3635 821 3716 (ProArch.
846 3634 911 3719 96)
936 3635 986 3700 ut
1011 3631 1221 3702 catonem
1243 3636 1445 3701 ettotam

256 3758 595 3829 Hortensiorum
617 3758 795 3824 domum.

291 3953 315 4018 l)
330 3952 438 4004 Orelliur
454 3952 495 4003 uie
512 3969 607 4018 quoque
624 3951 692 4014 (294,
710 3951 756 4019 28)
774 3951 870 4002 meruit
887 3950 1038 4016 ἀλληγορία.
