4070 6138
831 959 896 1026 163

264 1144 489 1229 appellatione
510 1145 672 1212 intercedi
694 1145 826 1228 licebat,
850 1147 1031 1212 utcontra
1053 1144 1349 1213 senatusconsulta
1370 1144 1457 1224 (Liv.

266 1269 299 1344 4,
322 1267 356 1344 6,
380 1267 417 1344 63
444 1267 592 1352 DH11,
617 1267 684 1344 54).
718 1266 873 1334 Valerius
902 1266 1038 1334 Potitus
1068 1267 1202 1334 ordines
1233 1266 1460 1336 reconciliarit

266 1389 415 1456 tribunis
444 1389 615 1457 suadendo
644 1405 689 1456 ne
716 1387 863 1472 amplius
884 1387 1054 1473 dilectum,
1079 1390 1234 1472 patribus
1256 1406 1299 1456 ne
1321 1386 1460 1454 cannot

272 1510 465 1594 rogationes
495 1511 696 1594 impedirent
725 1509 809 1590 (ΒΗ
836 1509 984 1588 11,59);
1014 1510 1056 1578 ds
1083 1511 1294 1593 privatomm
1315 1507 1460 1592 querelis

265 1649 309 1700 ne
332 1651 445 1701 sermo
465 1634 600 1717 quidem
621 1637 686 1700 est

311 1756 416 1823 Anno
438 1755 504 1822 409
527 1755 614 1834 (Liv.
638 1755 670 1832 4,
695 1754 750 1838 55,
773 1753 877 1834 2-7)
899 1754 1029 1822 tribuni
1051 1753 1173 1821 dilectu
1194 1752 1405 1838 impediendo
1423 1756 1460 1821 et

265 1877 398 1945 civibus
418 1876 600 1945 evocandis
621 1877 901 1958 impetraverunt
925 1878 967 1942 ut
990 1878 1132 1943 senatus
1154 1876 1291 1944 comitia
1313 1877 1460 1944 tribuno

265 2017 345 2067 mm
368 1999 517 2066 miiitum
538 1998 680 2067 iuberet.

311 2121 415 2190 Anno
438 2120 505 2188 380
528 2120 647 2188 Livius
669 2120 713 2204 (6,
739 2120 781 2186 27
802 2126 864 2202 sq.)
883 2119 1014 2187 inducit
1033 2119 1187 2187 tribunos
1204 2119 1404 2188 minitantes
1423 2137 1461 2188 se

265 2260 376 2327 neque
392 2242 501 2310 addici
517 2258 722 2326 quemqnam
740 2242 783 2309 ob
801 2242 981 2324 pecuniam
999 2241 1162 2308 creditam
1176 2258 1286 2325 neque
1299 2242 1460 2309 dilectum

265 2365 382 2432 baberi
399 2381 576 2446 passuros3
596 2363 843 2430 addictionibus
861 2367 979 2430 antem
998 2363 1203 2430 intercedere
1214 2380 1281 2430 non
1292 2366 1460 2447 poterant,

266 2486 426 2571 quoniam
447 2484 616 2553 debitores
635 2483 762 2551 nullam
781 2484 987 2568 praebebant
1005 2483 1234 2552 intercedendi
1251 2483 1460 2568 montetum,

266 2608 383 2691 itaque
411 2606 576 2675 vetabant
606 2605 734 2673 tribuni
763 2604 840 2672 duci
870 2604 1022 2672 addictos
1044 2621 1153 2688 neque
1175 2606 1314 2673 nomina
1334 2605 1460 2674 dabant

267 2730 415 2797 iuniores
441 2727 531 2794 baud
554 2727 748 2808 ignorantes
771 2726 924 2794 tribunos
945 2726 1122 2796 consulum
1143 2728 1380 2796 coercitionem
1401 2727 1461 2793 im·

267 2851 455 2935 peditnros;
478 2847 618 2916 tandem
640 2851 736 2915 metu
757 2847 931 2916 dictatoris
954 2849 1082 2916 tribuni
1104 2849 1272 2933 quievere

313 2972 363 3040 De
381 2969 654 3039 contentionibus
671 2969 753 3036 anni
772 2969 841 3038 378
858 2970 963 3037 tradit
980 2969 1099 3039 Livius
1119 2972 1166 3056 (6,
1179 2971 1269 3051 31,4
1288 2979 1352 3055 sq.)
1367 2970 1461 3039 dilec-

268 3096 323 3163 tni
345 3111 474 3162 moram
492 3109 561 3160 non
578 3107 655 3159 oese
672 3091 799 3160 factam
816 3090 986 3160 levatione
1003 3092 1125 3160 tributi
1143 3096 1180 3161 et
1198 3093 1282 3161 iuris
1299 3094 1460 3178 pecuniae

267 3217 412 3284 medae
441 3213 529 3298 plebi
549 3213 647 3295 natu
672 3213 731 3280 sed
753 3211 796 3279 ad
817 3229 948 3280 annum
971 3214 1038 3284 370
1060 3231 1169 3298 neque
1190 3234 1332 3300 causam
1351 3233 1460 3301 neque

267 3334 372 3403 tinem
393 3335 621 3402 contentionis
643 3337 887 3402 commemorat
908 3337 955 3420 (6,
968 3335 1058 3421 36‚8
1080 3343 1154 3420 au).

313 3583 365 3652 Ut
385 3585 454 3652 iam
475 3584 579 3651 tinem
600 3582 734 3665 faciam
758 3584 920 3664 statuere,
945 3582 981 3649 ni
1003 3582 1106 3667 failor,
1130 3583 1214 3651 mibi
1236 3583 1315 3652 licet
1337 3585 1373 3652 in
1392 3604 1460 3654 om·

268 3707 369 3774 nibus
397 3705 452 3772 bis
481 3702 604 3772 fabulis
631 3704 674 3770 de
702 3703 828 3771 auxilio
858 3702 1037 3771 tribunicio
1066 3721 1256 3773 sermonem
1286 3725 1362 3775 esse
1392 3727 1459 3778 non

268 3845 376 3911 posse,
405 3826 494 3911 quod
515 3829 634 3894 contra
655 3825 783 3892 iniusta
807 3825 1070 3905 magistratuum
1092 3827 1226 3894 decreta
1249 3829 1384 3897 nonnisi
1406 3848 1460 3914 ap

268 3949 444 4033 peliatione
473 3948 560 4015 civis
588 3947 668 4015 ferri
689 3947 804 4030 potest
826 3962 936 4028 neque
958 3945 1024 4012 nisi
1046 3947 1130 4014 bene
1151 3951 1327 4033 perpensis
1347 3953 1461 4020 causis

268 4072 343 4139 eiua
363 4071 441 4138 ferri
465 4071 568 4152 solet;
591 4067 651 4136 sed
672 4084 751 4136 cum
774 4066 811 4133 in
830 4067 988 4134 omnibus
1007 4067 1099 4135 bisce
1117 4073 1194 4137 turn
1212 4071 1249 4138 in
1268 4074 1461 4141 narratione

268 4192 367 4271 Livii,
389 4193 430 4260 dc
451 4209 519 4277 qna
540 4191 661 4276 agitur,
684 4189 840 4257 tribunos
861 4189 970 4270 egime
992 4205 1036 4256 ex
1054 4189 1127 4258 inre
1145 4209 1208 4260 sno
1226 4195 1364 4261 vetandi
1383 4199 1461 4262 acta

269 4314 542 4399 magistratuum,
571 4312 660 4396 qnod
689 4329 753 4379 aua
783 4313 904 4394 sponte
931 4311 1085 4394 politicas
1105 4314 1148 4382 ob
1171 4333 1292 4384 causas
1314 4319 1351 4384 et
1369 4335 1460 4385 excr-

269 4438 348 4504 cent
381 4436 418 4503 et
450 4435 633 4503 remittunt
662 4433 816 4518 qnodque
844 4432 1082 4502 intercessione
1111 4435 1310 4518 collegarum
1340 4441 1461 4521 mama

269 4557 377 4624 tratui
403 4556 529 4625 anxilio
559 4555 772 4622 venientium
801 4553 856 4621 vel
881 4554 1017 4635 ignavm
1038 4557 1151 4641 populi
1173 4558 1309 4627 tribuno
1332 4560 1460 4629 nullam

268 4678 478 4746 coercitionis
510 4676 711 4745 inhibendae
744 4677 952 4744 occasionem
985 4679 1188 4764 praebentis,
1223 4681 1360 4748 irritum
1389 4683 1462 4750 beri

268 4804 391 4885 potest
