3848 6006
927 819 994 885 408

360 1004 504 1070 missum
527 1018 603 1068 esse
626 1002 692 1085 (2);
716 998 754 1066 4⁰
777 1002 867 1068 hunc
887 1001 922 1067 in
941 1018 981 1067 ea
1000 1000 1165 1082 legatione
1184 1000 1376 1084 Philippum
1396 1000 1562 1070 refellisse

360 1125 446 1207 quod
467 1125 693 1191 Athenienses
712 1122 862 1207 decipere
882 1126 1061 1190 conaretur
1079 1123 1148 1207 (83,
1168 1141 1248 1191 nam
1270 1126 1372 1192 verbe
1384 1122 1563 1204 ἐξήλεγχον

361 1245 412 1311 τὸν
446 1246 610 1322 Φίλιππον,
643 1239 689 1309 ὅτι
715 1241 861 1320 ἐξηπάτα
886 1244 939 1308 nal
964 1246 1017 1309 οὐκ
1041 1243 1307 1323 ἐπανορθώσασθαι
1330 1243 1480 1320 ἐβούλετο
1505 1247 1562 1322 rip

361 1369 476 1448 εἰρήνην
500 1386 569 1435 non
593 1371 737 1450 possunt
760 1370 912 1450 spectare
929 1367 971 1433 ad
992 1366 1209 1452 rogationem,
1229 1368 1353 1451 quippe
1371 1369 1407 1434 in
1422 1386 1491 1452 qua
1502 1386 1564 1452 per

361 1509 399 1558 33
423 1493 585 1574 spectata,
611 1489 694 1555 nihil
717 1489 785 1555 tale
803 1489 897 1571 insit,
918 1488 977 1555 sed
1000 1489 1175 1555 referenda
1193 1493 1276 1556 sunt
1295 1489 1338 1555 ad
1357 1489 1562 1572 colloquium

361 1611 449 1694 quod
483 1611 615 1692 legatus
645 1627 723 1678 cum
753 1610 904 1693 Philippo
934 1610 1119 1689 hahuerit);
1144 1606 1182 1676 11ο
1204 1611 1381 1693 epistolam
1405 1612 1562 1698 Philippi,

362 1735 497 1814 propter
518 1748 621 1814 quam
646 1736 762 1798 nostra
780 1732 888 1798 oratio
906 1730 1023 1798 hahita
1042 1733 1099 1808 sit,
1119 1749 1184 1798 non
1205 1734 1344 1799 tantum
1355 1734 1566 1816 pertinuisse

362 1853 404 1920 ad
438 1854 548 1936 populi
578 1854 716 1931 scitum,
746 1853 806 1920 sed
836 1853 942 1919 etiam
972 1853 1014 1919 ad
1046 1852 1126 1919 illud
1155 1851 1355 1936 colloquium
1377 1853 1435 1938 (19
1463 1851 1564 1942 ,cim

363 1979 453 2040 τοῦτο
472 1975 529 2050 μὶν
548 1974 581 2038 οὐ
601 1975 673 2037 κατ’
695 1974 769 2050 ἐμοῦ
787 1975 875 2038 ἀλλὰ
889 1972 957 2038 καθ’
971 1973 1054 2049 ὑμῶν
1067 1972 1292 2058 ἕτὲσταλκεν”,
1306 1975 1395 2042 unde
1407 1977 1566 2059 sequitur

364 2102 405 2164 ut
434 2097 470 2162 in
501 2096 642 2178 epistola
671 2096 737 2162 3113
765 2095 904 2173 luerint,
930 2112 1016 2178 quae
1039 2098 1234 2178 spectarent
1255 2095 1298 2161 ad
1321 2096 1424 2177 legati
1445 2097 1563 2183 diota).

364 2218 429 2285 His
463 2222 579 2285 autem
610 2218 777 2299 reputatis
806 2222 843 2284 et
865 2216 1069 2301 comparatis
1091 2234 1170 2284 cum
1193 2216 1338 2301 Philippi
1361 2218 1397 2284 in
1420 2218 1565 2302 33131313

365 2340 477 2406 verbis
512 2340 730 2417 ..Ἀμφίπολιν
764 2339 874 2404 ἑαυτοῦ
910 2333 1020 2416 altorff,
1056 2356 1193 2407 necesse
1225 2342 1281 2406 est
1314 2338 1393 2407 indo
1425 2339 1565 2424 officiati,

364 2461 519 2546 Pythone
553 2461 589 2527 in
623 2458 852 2528 Macedoniam
886 2477 1048 2542 regresso,
1078 2476 1158 2527 cnm
1189 2460 1331 2542 Philippi
1361 2477 1565 2543 responsum

364 2584 491 2650 flustra
521 2586 766 2666 expectaretur,
797 2583 840 2649 ad
869 2582 903 2648 id
927 2582 1111 2666 petendum
1134 2599 1213 2648 eum
1237 2582 1382 2648 missum
1405 2582 1565 2665 sesequi

365 2704 479 2788 populi
502 2705 627 2771 scitum
650 2706 848 2785 rogavisset,
872 2703 962 2770 hunc
983 2720 1063 2770 vero
1086 2720 1107 2770 a
1129 2703 1281 2786 Philippo
1303 2705 1460 2784 rogatum
1483 2703 1567 2785 quid

366 2826 430 2893 sihi
461 2826 563 2892 vellet
593 2826 650 2892 illa
680 2826 839 2893 correctio
869 2823 1049 2913 ,lxarlpocc
1073 2824 1158 2905 ἔχειν
1180 2826 1223 2890 τὰ
1249 2826 1397 2910 1333333
1429 2842 1565 2908 respon·

365 2949 471 3015 disse:
495 2948 582 3032 quod
605 2948 682 3030 quis
705 2947 795 3014 nullo
817 2948 889 3014 iure
911 2946 1061 3024 haberet,
1084 2966 1151 3015 nnn
1175 2948 1282 3031 ipsius
1304 2963 1396 3033 esse;
1417 2949 1454 3013 et
1472 2962 1565 3027 roga

367 3074 453 3147 tum,
476 3086 542 3152 quo
565 3070 627 3135 hoc
650 3070 844 3152 pertineret,
869 3068 1005 3151 dixisse,
1026 3068 1287 3152 primoquidem
1306 3069 1377 3136 loco
1396 3068 1568 3151 pertinere

365 3192 407 3260 ad
442 3190 670 3273 Amphipolin.
706 3191 778 3258 Hoc
812 3207 851 3257 eo
885 3191 983 3267 redit,
1019 3190 1106 3273 quod
1140 3192 1175 3256 in
1206 3191 1391 3273 posteriore
1421 3190 1568 3273 33131313

367 3314 540 3395 Philippus
572 3312 717 3395 scripsit,
745 3316 895 3380 oratores
916 3313 959 3379 ad
982 3329 1059 3379 eam
1081 3311 1258 3379 audaciam
1281 3312 1442 3396 progredi,
1463 3315 1505 3378 ut
1523 3312 1567 3377 de

367 3433 561 3516 Amphipoli
592 3451 707 3500 secum
734 3433 886 3514 litigent3
907 3438 943 3501 et
962 3434 1088 3518 optime
1107 3433 1268 3500 convenit
1287 3433 1320 3499 id
1340 3434 1427 3516 quod
1446 3433 1568 3501 Demo·

366 3558 505 3623 sthenes
539 3555 708 3635 significat
738 3555 792 3636 (de
823 3555 895 3622 1313.
928 3555 989 3637 leg.
1015 3555 1092 3632 331)
1116 3556 1347 3638 Hegesippum
1370 3555 1520 3635 legatum
1544 3573 1568 3621 a

367 3694 443 3758 rege
478 3677 565 3743 mele
598 3679 774 3758 acceptum
805 3693 891 3743 esse.
925 3676 1027 3761 ,At'',
1059 3675 1171 3758 inquit
1200 3676 1322 3742 Beloch
1338 3673 1362 3761 ¹)
1392 3675 1486 3762 ,ipsa
1508 3675 1568 3744 illa
1601 3767 1603 3770 Ι

367 3799 531 3881 posterior
565 3799 653 3878 regis
683 3797 833 3880 epistola,
865 3815 951 3879 quae
980 3797 1096 3882 fertur,
1122 3797 1236 3880 spuria
1258 3796 1344 3863 est’'.
1375 3795 1568 3865 Praefracte

368 3923 430 3988 hoo
455 3936 575 4000 negare
598 3920 702 3986 nolim
725 3919 889 4001 equidem.
912 3919 976 3985 Sed
999 3920 1056 4001 qui
1079 3936 1155 3986 eam
1178 3921 1391 4000 componeret
1415 3917 1566 3986 scientis·

368 4042 494 4108 simum
530 4042 635 4107 fuisse
664 4058 778 4107 rerum
802 4041 843 4107 de
865 4040 989 4123 quihus
1010 4044 1125 4123 ageret
1148 4040 1220 4122 ipse
1243 4038 1365 4107 Beloch
1387 4039 1567 4120 concessit,

368 4165 457 4229 teste
477 4179 517 4229 eo
536 4163 664 4245 passim
681 4160 811 4247 usus¹).
833 4162 1020 4229 Maximum
1040 4165 1156 4229 autem
1177 4166 1231 4229 est
1250 4163 1322 4246 hoc,
1335 4162 1365 4229 si
1376 4166 1413 4229 et
1423 4162 1568 4246 Philippi

368 4284 508 4368 33131313
542 4288 577 4350 31
606 4285 712 4351 oratio
744 4289 860 4351 nostra
891 4285 1005 4366 spuria
1036 4285 1091 4367 sit,
1125 4302 1262 4366 prorsus
1286 4284 1465 4351 mirificum
1490 4301 1568 4352 esse

368 4424 484 4474 eorum
505 4408 544 4473 de
563 4407 757 4490 Amphipoli
775 4424 985 4490 consensum,
1007 4424 1085 4473 cum
1105 4409 1232 4484 contra,
1251 4407 1280 4472 31
1300 4405 1354 4473 illa
1374 4406 1489 4490 spuria
1508 4408 1565 4492 sit,

368 4531 458 4596 inter
493 4530 694 4596 documenta
723 4530 846 4612 quihus
877 4533 995 4596 auctor
1026 4532 1189 4607 uteretur,
1220 4529 1325 4595 etiam
1356 4529 1437 4596 haec
1460 4528 1567 4596 luisse

404 4727 427 4787 1)
446 4725 481 4775 l.l.
500 4741 523 4789 3.
543 4725 589 4773 eta
608 4725 632 4773 in
650 4741 706 4773 ann.
725 4725 747 4774 1.

404 4808 481 4868 2111.
500 4808 524 4855 in
544 4807 744 4856 annotationibus
763 4807 794 4855 nd
812 4823 852 4872 pp.
872 4807 1012 4855 eae-ool.
