4070 6138
300 1751 328 1806 τ
593 1735 642 1818 ln
672 1735 994 1835 nomlnn·'·'proprle
1019 1735 1203 1836 praeea'
1239 1739 1250 1792 ³
1298 1735 1337 1790 V
1383 1771 1387 1780 ·

710 1919 714 1924 ,
756 1911 760 1920 ,
825 1945 937 1984 ΜΠ
993 1911 995 1916 .

565 2105 577 2118 ”·
684 2095 738 2162 1Η.
764 2093 860 2160 VAN
884 2093 1071 2162 eumne.

779 2301 976 2313 ..—-——-

330 2452 420 2530 Sunt
445 2450 546 2518 mulli
565 2450 637 2534 jam
661 2449 753 2528 enni,
777 2449 976 2532 Praeoeplor
998 2447 1334 2530 honoratissimam
1354 2447 1480 2531 quibus

280 2590 360 2664 me,-
376 2573 412 2640 in
433 2571 603 2644 subselliis
620 2571 820 2642 academieis
839 2569 974 2644 assidue
993 2573 1028 2638 le
1045 2569 1249 2655 audientem,
1269 2569 1390 2644 mullis
1403 2568 1480 2636 aliis

279 2695 386 2768 ,rohos
403 2691 570 2777 praeolnre
583 2693 769 2772 instituere
788 2692 928 2772 solebas,
941 2693 1004 2760 hoo
1014 2707 1094 2764 vero
1109 2693 1322 2775 praeualens
1332 2705 1479 2767 monere.

286 2816 359 2884 vlro
389 2813 552 2898 philologo
573 2813 742 2897 imprimis
761 2813 949 2882 cavendnm
970 2829 1046 2882 esse
1069 2813 1211 2882 nimiam
1234 2811 1479 2890 eredulitatem,

286 2936 369 3004 nihil
391 2938 463 3004 tam
487 2934 641 3018 religiose
661 2934 862 3004 ssolandum
885 2953 1081 3020 ema-quam
1100 2932 1477 3019 Epicharmsum-illud:

286 3060 369 3141 νῐφι
400 3058 452 3124 ul
480 3053 619 3136 μίμν’
646 3054 802 3124 larome.
832 3056 943 3124 Lubet
969 3056 1066 3125 hodie
1088 3055 1275 3134 munnere,
1298 3071 1342 3126 ex
1364 3055 1480 3124 animo

286 3198 362 3250 meo
391 3179 609 3248 verissimum
640 3182 740 3246 tunm
772 3181 990 3262 praeseptum
1020 3196 1090 3245 non
1119 3177 1325 3247 discessisse.
1355 3176 1480 3244 lnoiml

286 3303 378 3372 enim
406 3304 505 3384 grata
533 3299 587 3368 lui
616 3299 786 3384 memoria
815 3303 858 3367 nt
880 3299 954 3378 tihi,
978 3299 1069 3368 hune
1090 3299 1180 3368 diem
1203 3299 1317 3382 agenn
1340 3299 1479 3382 festum,

281 3425 391 3498 immo
423 3423 658 3506 festissimum,
693 3422 823 3490 ratione
857 3421 970 3505 ulique
1003 3420 1201 3502 significem,
1225 3420 1319 3489 'mihi
1348 3437 1481 3505 quoque

285 3541 413 3616 laetum
443 3540 651 3644 hilaremque
680 3543 771 3612 huno
799 3543 905 3612 solem
934 3542 1094 3612 illuxisse.
1124 3543 1257 3613 Possim
1279 3559 1388 3626 saepe
1410 3542 1480 3612 iam

286 3663 377 3733 diota
405 3663 536 3749 iterare,
568 3663 678 3734 denno
707 3665 866 3748 profiteri,
896 3669 1025 3750 quanio
1054 3665 1175 3747 munio
1205 3663 1290 3734 mihi
1312 3665 1370 3748 sit,
1393 3664 1481 3748 quod

286 3788 323 3853 te
344 3785 381 3852 in
403 3785 576 3858 eoademia
598 3786 761 3870 magistro
782 3787 916 3872 linguae
938 3803 1087 3870 W,
1108 3789 1145 3858 to
1166 3787 1236 3856 solo
1254 3787 1330 3872 ejus
1347 3786 1481 3870 lingone

287 3907 449 3988 magislm
471 3923 556 3976 usus
578 3925 670 3978 sum.
693 3908 870 3978 Praestare
892 3913 1010 3978 lamen
1033 3907 1117 3976 mihi
1139 3908 1283 3985 videtur,
1309 3909 1481 3992 specimen

285 4027 393 4112 edere,
423 4028 656 4098 immemorem
687 4047 959 4115 menumquam
990 4031 1096 4099 luisse
1125 4032 1307 4100 verborum
1333 4033 1480 4100 luorum.

287 4148 341 4216 hd
379 4151 519 4219 nemim
558 4152 691 4237 propria
732 4153 839 4235 igitur
872 4169 927 4220 me
960 4153 1131 4222 oonlsram
1166 4169 1302 4236 gnaeum
1338 4169 1481 4237 qnorum

286 4271 456 4340 nonnullis
489 4273 656 4356 exemplis
688 4273 851 4342 adhibitis
883 4273 1117 4344 demonstrare
1150 4275 1304 4352 conabor,
1338 4273 1481 4344 nimiam

286 4392 522 4462 eredulitatem
549 4396 656 4464 etiam
686 4395 878 4477 mgiandam
908 4411 994 4480 osse,
1025 4396 1057 4462 si
1086 4395 1171 4479 quis,
1203 4394 1317 4464 studio
1348 4394 1481 4464 illorum

287 4515 465 4584 nominum
493 4515 638 4600 deditus,
661 4515 843 4602 dijudionro
865 4514 1018 4600 voluerii,
1041 4515 1184 4584 liosaine
1205 4515 1370 4592 homines,
1392 4515 1482 4584 idem

286 4653 411 4709 nomen
433 4641 601 4721 gerentes,
623 4637 759 4708 eosdem
781 4637 887 4706 misse
908 4637 1048 4721 oenseri,
1071 4656 1117 4706 an
1139 4637 1254 4706 minus
1272 4637 1305 4704 id
1324 4635 1435 4705 lioeal„

305 4759 479 4834 ¹Nomina
507 4759 641 4843 propris
669 4774 799 4841 paeon,
830 4761 872 4828 nl
894 4775 994 4828 nemo
1017 4759 1113 4828 hodie
1134 4759 1279 4842 mourut,
1301 4775 1346 4827 ex
1369 4757 1482 4828 titulis

286 4879 505 4964 potissimum
528 4883 788 4964 oognoeounlm.
810 4881 987 4964 Homines,
1006 4881 1202 4950 nominihus
1219 4879 1286 4952 illis
1303 4880 1482 4966 designati.
