3848 6006
404 1039 460 1109 Sic
488 1040 595 1106 eliam
624 1035 837 1120 splendidum
865 1047 1013 1111 muron,
1043 1027 1131 1113 qnod
1157 1028 1233 1093 erat
1254 1024 1297 1090 de
1318 1026 1412 1091 terra
1434 1024 1553 1096 matre,

358 1177 445 1243 qnae
472 1159 563 1242 apud
590 1159 675 1228 alias
701 1161 823 1240 gentes
843 1153 921 1221 aliis
942 1151 1137 1220 nominibus
1156 1146 1341 1223 colebatur,
1365 1160 1447 1213 rere
1468 1158 1556 1211 novo

359 1279 650 1366 auatrccoelcsti
668 1280 845 1346 nmalnut
864 1275 991 1342 hetam
1009 1288 1091 1340 mox
1109 1269 1237 1354 prolem
1255 1269 1292 1335 iu
1310 1264 1560 1347 lncemederet,

358 1389 1561 1477 sousimabiitiulabollamnuilem,deaiupncllemauatresevero

359 1524 535 1603 inducam,
556 1526 593 1590 et
615 1521 724 1588 nubes
741 1518 798 1586 ille
815 1535 837 1585 a
856 1516 976 1600 odoris
994 1514 1103 1599 poetis
1121 1512 1299 1593 celebrata,
1317 1524 1406 1593 qnae
1427 1522 1561 1575 amores

356 1644 410 1712 dei
432 1645 579 1728 deaeque
600 1646 696 1710 casto
718 1639 793 1707 reio
815 1639 1013 1722 protegebat
1029 1638 1213 1717 guttasque
1230 1629 1436 1699 demittebat
1453 1626 1559 1695 radiis

359 1767 441 1834 solis
470 1766 506 1832 iu
535 1782 689 1847 gemmas
717 1759 943 1830 multicolores
971 1773 1164 1838 courcrm,
1195 1771 1305 1822 ca...
1330 1751 1392 1821 sed
1421 1748 1564 1818 Homeri

360 1886 572 1954 recordemur
600 1888 744 1968 coenet,
775 1886 815 1950 nt
845 1882 948 1965 probe
976 1878 1228 1964 persentimus
1257 1891 1362 1958 quam
1392 1870 1564 1940 misereo

362 2008 507 2089 posteris
530 2005 788 2089 pessumdatum
810 2002 913 2070 inerit
936 2001 1038 2084 prisci
1061 1998 1155 2066 vatis
1176 1997 1374 2064 inventum:

533 2123 672 2205 tynae
695 2123 883 2205 ἔριαρσιι
905 2119 1054 2204 Κρόνου
1075 2125 1176 2192 uie
1197 2117 1262 2192 riv
1283 2113 1563 2198 παράκοιτιν·

408 2255 488 2315 reici
511 2247 540 2314 δ’
565 2248 624 2313 iri
645 2248 728 2328 xii·
751 2245 804 2313 ira
827 2244 918 2329 ’φύει
941 2243 1084 2320 indubio
1107 2241 1207 2326 sclav,

409 2371 507 2438 mlv
529 2370 706 2451 braim:
731 2367 775 2434 itt
798 2367 903 2449 ιρὸιιι
927 2366 973 2441 ἧδ’
999 2365 1136 2432 &aaa

408 2494 522 2561 sont
546 2493 600 2558 asi
622 2490 780 2575 ριιλιιὸι,
804 2482 835 2564 ὃς
860 2488 925 2556 lsi
946 2489 1053 2570 mole
1077 2487 1168 2568 ride&
1190 2483 1305 2568 bene.

409 2617 453 2696 τῷ
476 2613 508 2679 ἓν
532 2612 712 2693 imikho,
735 2611 804 2678 ιτ)
827 2609 868 2677 ii
890 2607 1069 2693 ιιφὶλιιι
1092 2606 1290 2695 dulcasse

411 2737 541 2812 πλὴν
563 2735 784 2820 χρυσείην·
806 2733 1008 2800 rrrbml
1031 2731 1060 2798 δ’
1083 2730 1325 2798 dulcium
1346 2728 1519 2812 ἔιιριιι.

411 2859 495 2926 Ecce
517 2859 661 2927 imbrem
684 2857 791 2935 dium,
813 2857 872 2941 qni
894 2872 1019 2924 aureus
1040 2855 1154 2924 dictus
1174 2858 1230 2923 est
1251 2854 1411 2940 abactis
1432 2859 1474 2924 ut
1492 2872 1567 2924 cae

366 2980 465 3048 lesbia
487 2982 628 3063 quoeris
649 2983 687 3048 et
709 2981 784 3063 ipsa
804 2979 930 3047 umoris
952 2978 1016 3046 dea
1033 2978 1164 3047 Venus.
1181 2976 1238 3044 Sic
1256 2976 1422 3045 Pindarus
1442 2978 1567 3046 cecinit

365 3119 504 3169 auream
527 3102 678 3184 plurim
700 3118 787 3184 queo
810 3106 897 3185 tum,
921 3117 1000 3168 cum
1021 3099 1173 3183 Iuppiter
1194 3096 1394 3167 Alcmenam
1412 3097 1507 3184 adiit
1530 3099 1566 3166 iu

366 3227 475 3290 terres
505 3224 688 3305 descendit,
719 3240 782 3291 uec
811 3240 881 3290 nou
910 3238 1049 3290 aurem
1080 3221 1243 3305 dumam,
1275 3236 1363 3305 qnae
1385 3220 1568 3290 homiuum

366 3362 449 3412 arva
472 3345 668 3412 fecundavit
690 3348 768 3413 tum
791 3362 870 3412 cum
892 3347 976 3412 uate
998 3347 1053 3411 est
1075 3343 1237 3412 [marva

409 3465 450 3532 In
469 3467 571 3533 Iliade
590 3470 706 3534 tomen
725 3485 792 3534 uon
812 3466 853 3535 dc
871 3466 996 3552 Danae
1016 3465 1075 3533 sed
1093 3466 1135 3534 de
1152 3483 1195 3534 ca
1212 3466 1304 3533 Iovis
1323 3483 1438 3548 uxore,
1459 3484 1566 3551 qnam

366 3587 473 3655 solam
496 3593 621 3655 norunt
642 3592 761 3671 poetae
783 3589 994 3670 recentiores,
1015 3587 1098 3654 baec
1116 3591 1300 3655 narrantur
1307 3606 1316 3666 ;
1336 3590 1469 3655 ceterae
1491 3587 1567 3662 Διὸς

368 3706 482 3790 alima
501 3709 608 3789 magis
624 3710 797 3792 magisque
808 3709 1132 3778 contemnebantur:
1148 3708 1289 3776 qucuis
1300 3708 1443 3793 paeices
1454 3708 1571 3778 luciae

369 3834 453 3896 snut
483 3829 647 3897 Alcmena
671 3833 708 3898 et
733 3831 864 3898 Minna
886 3834 922 3898 et
945 3830 982 3899 Io
1003 3833 1041 3898 et
1062 3829 1177 3898 Danae
1199 3833 1237 3898 et
1257 3846 1345 3914 qnae
1367 3847 1454 3911 uou;
1478 3849 1569 3916 quae

370 3951 479 4032 prisca
501 3952 653 4018 carmina
676 3951 836 4036 ferebant,
860 3955 943 4034 apta
965 3952 1035 4019 iam
1057 3955 1141 4020 snut
1164 3952 1240 4020 visa
1263 3970 1349 4035 quae
1370 3952 1571 4035 effingeren-

371 4075 428 4137 tur
459 4071 493 4138 iu
524 4070 653 4138 fabulas
682 4089 748 4155 quo
778 4072 888 4154 magis
918 4073 1061 4140 festivas
1088 4090 1129 4141 eo
1155 4074 1271 4142 miuus
1292 4091 1414 4156 graves
1436 4076 1567 4159 piasve

372 4191 485 4259 Danae
507 4195 624 4260 autem
646 4211 712 4276 quo
733 4194 855 4262 abierit
878 4194 1037 4261 vidimus
1061 4193 1170 4263 (lanes
1192 4197 1414 4280 custodesque
1432 4198 1463 4264 ei
1482 4204 1571 4268 snut

370 4314 532 4395 appositi:
558 4317 596 4381 ot
618 4316 785 4398 corrumpi
809 4318 953 4398 posunt
974 4316 1132 4384 custodes
1138 4336 1148 4396 ;
1171 4317 1321 4385 ibalnmo
1344 4318 1475 4385 inclusa
1493 4323 1569 4387 est:

371 4438 408 4500 st
436 4434 567 4510 „nolae
592 4439 666 4501 tom
690 4435 773 4502 bene
795 4435 929 4503 causae
952 4441 1035 4503 snut
1056 4437 1156 4505 aedes
1176 4439 1257 4521 qniu
1281 4455 1340 4521 per
1362 4439 1485 4508 rimam
1509 4443 1569 4510 ali·

371 4573 474 4637 qnam
504 4557 578 4623 sive
609 4556 754 4623 mustela
783 4559 927 4640 irrepere
956 4558 1065 4641 possit
1094 4558 1168 4626 sive
1197 4560 1369 4628 emalor”:
1401 4562 1569 4632 mnstclse

372 4677 475 4756 igitur
492 4678 535 4745 ad
555 4678 664 4744 instar
683 4695 741 4760 per
760 4679 843 4744 tecti
863 4678 968 4746 rimas
988 4679 1177 4746 insinuavit
1196 4698 1233 4747 se
1252 4680 1384 4749 adulter
1399 4685 1569 4754 caelestis.

373 4797 476 4863 Casta
506 4801 579 4865 orat
602 4798 705 4883 virgo,
730 4800 904 4867 oloronis
927 4801 1054 4867 vincit.
1069 4847 1100 4865 ..
1124 4818 1191 4868 uon
1215 4819 1318 4885 amor,
1345 4800 1402 4868 scd
1425 4819 1568 4871 aurum:
