4134 6140
832 935 898 1002 807

269 1118 459 1190 utilitatem
476 1119 597 1187 afferre
615 1116 720 1187 solere
736 1117 824 1185 hanc
843 1117 999 1186 imitandi
1015 1119 1293 1187 consuetudinem
1311 1119 1346 1186 in
1365 1119 1470 1187 homi·

269 1241 373 1309 uibus
400 1239 593 1324 educandis,
623 1238 722 1306 modo
752 1255 795 1305 ns
824 1237 930 1307 mulos
952 1239 1141 1322 imitentur,
1165 1239 1261 1307 Pluto
1281 1239 1346 1306 sibi
1368 1239 1471 1307 hebet

269 1380 483 1448 persuasum.
505 1363 624 1446 Itaque
646 1378 726 1429 cum
749 1359 848 1428 modo
869 1376 1006 1428 omnem
1028 1359 1253 1428 imitationem
1275 1359 1471 1428 custodibus

270 1485 345 1553 suis
367 1501 437 1554 non
454 1484 610 1552 idoneum
626 1483 837 1561 iudicaverit,
857 1483 979 1567 quippe
998 1483 1120 1566 quibus
1138 1482 1172 1550 id
1191 1482 1290 1550 unice
1301 1483 1470 1564 egendum

269 1608 329 1692 sit,
360 1609 402 1674 ut
425 1605 573 1690 petriam
591 1604 787 1673 custodient
808 1603 1063 1690 defenduntque,
1087 1621 1204 1673 rursus
1226 1604 1371 1673 retinere
1394 1603 1470 1673 vult

270 1727 509 1812 imitationem,
536 1727 617 1809 quic
637 1724 787 1794 multum
808 1725 900 1794 velet
922 1725 965 1792 ed
988 1725 1145 1794 custodes
1167 1725 1366 1795 educendos.
1397 1725 1470 1810 Quo

271 1849 371 1917 modo
404 1863 487 1916 vero
520 1847 609 1914 huuc
636 1864 717 1915 cum
747 1845 803 1914 ille
832 1847 1003 1914 sententie
1033 1847 1231 1930 reconciliet,
1255 1848 1469 1916 nonhabet:

270 1970 342 2038 lucc
372 1987 477 2054 supra
506 1969 653 2037 iudicato
675 1972 723 2050 (p.
747 1965 867 2054 3950)
889 1967 979 2036 inter
1002 1985 1040 2036 se
1059 1967 1270 2037 colliduntur.
1295 1969 1399 2038 cuius
1420 1970 1470 2039 rei

271 2093 355 2160 baec
388 2107 465 2160 esse
491 2108 595 2159 ceusu
616 2090 702 2158 mihi
726 2090 870 2169 videtur,
894 2089 982 2174 quod
1003 2091 1090 2158 duee
1111 2088 1187 2159 illue
1209 2091 1409 2174 ‘effingendi'
1432 2095 1471 2160 et

272 2212 458 2296 ‘sequendi'
482 2213 647 2295 notiones,
669 2211 767 2295 longe
789 2211 940 2280 intereo
962 2211 1126 2297 diversae,
1145 2230 1214 2280 uno
1229 2216 1333 2296 etque
1351 2213 1469 2284 eodem

271 2335 376 2402 verbo
397 2332 564 2411 ururirtar
589 2332 739 2401 redditae
762 2336 855 2400 sunt.

318 2455 404 2525 Vide
427 2459 555 2538 eutem,
578 2471 622 2521 ne
640 2454 748 2522 eidem
767 2470 889 2522 ceusee
906 2452 953 2522 sit
969 2454 1234 2539 attribuendum,
1254 2456 1341 2539 quod
1360 2455 1469 2525 totius

271 2576 513 2662 dispumtionis
532 2579 773 2658 argumentum
790 2578 827 2644 et
838 2593 973 2644 summe
985 2576 1101 2646 minus
1112 2577 1231 2662 placet
1252 2578 1355 2647 Velut
1367 2579 1402 2646 in
1414 2579 1466 2664 iis,

271 2717 358 2784 quse
380 2700 581 2782 sequuntur,
603 2697 748 2779 legimus
770 2697 881 2779 poetis
898 2697 1042 2781 simplici
1061 2699 1258 2783 plerumque
1276 2699 1468 2769 uenatione

272 2837 347 2889 eme
369 2818 535 2889 utendum
553 2820 589 2886 et
608 2821 684 2885 tum
703 2817 842 2884 demum
864 2817 1022 2886 imitandi
1043 2835 1101 2887 eos
1123 2818 1245 2887 moero
1265 2819 1467 2907 libertatem,

271 2959 351 3009 cum
379 2941 542 3009 honestos
571 2955 683 3007 mores
701 2938 889 3021 exprimere
910 2938 1029 3023 velint,
1053 2943 1228 3024 propterea
1246 2940 1333 3024 quod
1352 2941 1468 3009 hones

272 3068 386 3132 torum
404 3064 543 3129 tantum
560 3060 738 3129 hominum
756 3059 919 3129 institute
937 3063 1095 3131 custodes
1110 3063 1359 3147 sequioportet.
1378 3063 1469 3148 Quae

272 3203 351 3254 cum
366 3183 521 3266 legimus,
537 3199 606 3250 nou
621 3199 815 3266 possumus,
826 3183 908 3266 quin
919 3184 1096 3252 nobiscum
1106 3187 1315 3269 reputemus,
1328 3203 1412 3253 num
1428 3221 1461 3236 -

272 3311 314 3375 ut
340 3322 449 3373 unum
480 3304 543 3372 hoc
563 3303 703 3372 efferum
721 3339 753 3352 -
772 3305 845 3372 tem
868 3304 1049 3372 verisimile
1072 3307 1120 3375 sit
1142 3307 1222 3390 fore,
1246 3310 1287 3374 ut
1309 3307 1390 3376 muti
1412 3307 1468 3377 ho·

272 3428 376 3496 minis
398 3427 510 3508 imcgo
531 3425 566 3492 tn
590 3425 739 3494 carmine
761 3427 907 3510 quodem
929 3443 1089 3509 expressa
1111 3445 1180 3508 eos,
1199 3429 1258 3512 qui
1276 3427 1395 3513 legunt
1414 3430 1467 3498 vel

271 3549 424 3634 audiunt,
459 3548 503 3616 ed
533 3548 641 3615 melos
669 3547 743 3615 illos
774 3563 884 3617 mores
914 3549 1102 3631 sequendos
1130 3548 1284 3618 adducat.
1315 3549 1389 3618 Iem
1418 3551 1468 3620 sic

272 3672 461 3752 cogitemus
483 3672 586 3738 totum
603 3669 755 3738 Platonis
775 3671 816 3738 de
835 3670 938 3737 seriis
956 3670 1120 3739 orationis
1131 3671 1280 3754 poeticae
1291 3673 1469 3755 generibus

271 3791 535 3874 disputationem
569 3790 632 3857 hoc
661 3790 746 3859 vitio
775 3790 933 3876 laborare,
964 3791 1050 3873 quod
1081 3792 1185 3860 nimis
1214 3796 1289 3861 crte
1318 3795 1408 3863 inter
1430 3812 1468 3864 se

272 3915 520 3982 connectuntur
542 3929 583 3980 ea
605 3911 762 3994 imitatio,
782 3911 818 3978 in
836 3911 1288 3995 queeidngendiertidcium
1299 3916 1467 4000 consistit,

272 4036 437 4104 etaltera
458 4035 514 4103 iile
537 4034 699 4117 vulgario,
721 4051 808 4118 queo
829 4033 984 4103 omnium
1006 4037 1061 4102 est
1078 4035 1254 4104 hominum
1272 4040 1310 4105 et
1327 4037 1369 4105 nd
1389 4039 1468 4106 coti·

272 4157 392 4224 diuune
421 4157 513 4224 vitae
542 4155 693 4239 pertinet
721 4154 1019 4240 consuetudinem
1049 4173 1087 4224 ru
1117 4174 1199 4224 vere
1220 4157 1283 4226 hes
1305 4159 1390 4226 duas
1412 4175 1468 4227 ree

271 4279 404 4362 tonnus
432 4279 575 4347 ultorum
603 4277 647 4345 ab
676 4277 783 4346 alteru
812 4255 938 4346 dietme
961 4295 1070 4361 neque
1093 4281 1165 4346 tem
1190 4280 1299 4348 multe
1319 4280 1407 4350 inter
1430 4297 1468 4348 se

271 4401 395 4468 hebere
417 4397 620 4468 communic.
644 4398 714 4479 Ego
734 4399 870 4482 quidem
893 4398 1008 4466 nullus
1029 4397 1156 4482 dubito,
1179 4401 1260 4482 quin
1283 4402 1333 4469 ite
1355 4417 1410 4468 res
1428 4418 1467 4469 se

272 4521 405 4589 hubent
428 4521 536 4604 Quem
559 4535 706 4588 errorem
728 4537 888 4602 magnum
911 4523 1044 4603 purtem
1067 4519 1130 4587 hnc
1152 4525 1363 4590 recreatum
1381 4539 1466 4607 esse,

271 4643 361 4726 quod
383 4642 467 4710 elice
488 4641 553 4710 alio
576 4658 678 4710 sensu
700 4640 780 4709 illud
801 4641 957 4710 imitandi
976 4640 1176 4710 vocabulum
1195 4645 1250 4711 eet
1267 4642 1466 4728 adhibitum,

272 4765 344 4832 veri
367 4766 422 4833 cst
443 4763 562 4832 simile.
