4134 6140
855 937 922 1003 309

294 1121 481 1189 Homerum
510 1123 680 1204 spectasse
694 1120 718 1202 ¹)
748 1120 830 1202 (vid.
856 1119 1067 1189 Stallbaumii
1089 1121 1132 1188 ad
1154 1123 1258 1189 verba
1279 1119 1371 1202 μύρον
1384 1167 1483 1189 .....

294 1240 469 1325 στέψαντες
491 1241 691 1328 adnotatio).

341 1470 390 1537 De
415 1473 516 1539 textu
544 1471 607 1540 loci
632 1471 743 1540 nostri
766 1472 828 1540 hoc
854 1490 963 1540 unum
989 1473 1104 1556 habeo,
1124 1472 1212 1556 qnod
1230 1472 1349 1539 afferre
1370 1471 1484 1539 velim.

296 1593 333 1660 P.
354 1591 462 1659 397Α
480 1593 573 1660 enim
591 1593 673 1661 haec
691 1597 746 1660 est
764 1594 864 1662 lectio
884 1595 1039 1676 vulgata:
1061 1593 1191 1673 οὐκοῦν,
1212 1589 1245 1668 ήι
1265 1591 1292 1657 δ’
1313 1593 1386 1671 ἐγώ,
1406 1591 1420 1657 l
1440 1593 1484 1668 μή

295 1715 427 1784 τοιοῦτοι
458 1707 510 1792 οὗ,
541 1709 600 1796 ὅσῳ
630 1711 669 1779 ἂι
695 1712 886 1794 Φοολήσσροε
911 1711 939 1798 f,
963 1715 1072 1780 σάισοο
1095 1739 1131 1780 σι
1154 1717 1278 1792 μᾶλλον
1301 1713 1485 1791 διηγήσεται

296 1834 349 1901 rai
369 1835 451 1901 οὖδὶο
471 1835 580 1902 ἑαυτοῦ
601 1833 725 1911 ἀνάξιον
742 1836 880 1912 οὶήσισοι
900 1832 988 1916 εἶναι,
1007 1834 1086 1902 ὥστε
1106 1836 1214 1903 πάντα
1234 1837 1422 1918 ἐπιχειρήσει
1438 1858 1486 1912 μι-

295 1956 421 2033 μεῖσθαι
440 1957 542 2022 aad.
563 1957 662 2026 Unus
679 1960 819 2026 tantum
836 1960 949 2045 codex,
970 1977 1002 2043 q,
1023 1976 1082 2042 pro
1098 1977 1179 2028 voce
1190 1957 1373 2038 διηγήσεται
1386 1959 1488 2025 habet

295 2077 481 2157 μιμήσεται,
500 2096 603 2162 quam
625 2078 803 2149 lectionem
824 2081 1012 2148 Schmelzer
1033 2085 1071 2149 et
1093 2099 1159 2148 van
1180 2081 1244 2147 deu
1264 2080 1361 2148 Hoek
1379 2078 1488 2147 secuti

297 2203 397 2283 sunt,
433 2199 639 2282 Madvigium
671 2203 788 2268 autem
821 2201 973 2285 adduxii,
1006 2204 1046 2270 ut
1076 2202 1241 2270 coniceret
1271 2199 1487 2279 μιμήσεεοιή

297 2319 491 2398 διηγήσεται.
525 2322 624 2389 Hane
654 2323 814 2405 Madvigii
843 2324 1071 2392 coniecturam
1101 2323 1270 2405 ccmpbell
1293 2323 1329 2391 in
1351 2326 1488 2390 textum

297 2442 432 2526 recepit.
466 2442 557 2510 Nihil
588 2461 668 2512 vero
699 2444 902 2512 mutandum
933 2462 1008 2512 esse
1037 2463 1236 2530 persuasum
1259 2445 1375 2512 habeo.
1400 2445 1489 2512 Nam

296 2563 371 2630 sivo
388 2563 605 2651 Madvigium,
626 2565 700 2633 sive
719 2565 840 2632 codicis
858 2583 880 2650 q
898 2567 1076 2634 lectionem
1095 2567 1276 2650 sequimur,
1297 2570 1376 2649 post
1387 2567 1491 2633 verbe

296 2683 403 2750 σιέοοιι
422 2708 458 2750 σι
477 2687 602 2762 μᾶλλον
620 2685 794 2763 μιμήσεται
814 2687 931 2771 paucis
949 2687 1153 2755 intermissis
1165 2683 1242 2752 c'o'rrr
1254 2686 1361 2753 σήνσο
1374 2688 1491 2767 ἐπιχει-

296 2806 378 2888 ρήσει
398 2807 561 2885 μιμεῖσθαι
574 2808 748 2878 habemus.
768 2809 832 2891 Qui
843 2808 964 2877 modus
975 2810 1104 2876 Moendi
1115 2811 1199 2877 mihi
1210 2811 1343 2894 quidem
1355 2809 1492 2894 pulcher

297 2946 366 2998 non
384 2928 529 2997 videtur.
551 2928 679 2998 Vocem
696 2925 774 2996 ὅσοι
793 2948 872 2998 oum
889 2930 1042 3016 legimus,
1062 2931 1142 3000 novi
1160 2931 1240 3015 quid
1252 2934 1490 3015 expectamns;

297 3069 338 3119 ea
370 3054 426 3119 est
454 3050 557 3119 huius
587 3051 740 3120 vocabuli
771 3052 835 3134 vis,
866 3055 907 3121 ut
937 3053 1209 3121 consecutionem
1238 3052 1408 3136 quandam
1438 3051 1492 3118 vel

297 3171 545 3242 conclusionem
579 3173 715 3241 indicat.
749 3173 814 3242 Sed
848 3174 903 3242 hic
932 3173 1030 3258 plane
1060 3174 1201 3242 eandem
1231 3191 1304 3242 rem
1333 3173 1492 3241 iteratam

297 3296 451 3379 legimus.
484 3293 600 3363 Lectio
630 3312 711 3362 vero
739 3296 879 3377 vulgata
900 3295 985 3363 nihil
1006 3295 1119 3374 habet,
1142 3313 1208 3379 quo
1230 3295 1390 3372 offendat,
1411 3294 1492 3361 dum

298 3433 416 3484 vocem
443 3414 626 3494 διηγήσεται
657 3420 748 3484 reete
779 3417 1050 3501 interpretemur.
1082 3417 1178 3516 Modo
1207 3419 1301 3485 enim
1323 3416 1494 3486 vocabulis

298 3664 338 3729 ut
372 3660 569 3745 simpliciter
597 3660 777 3728 enarrandi
808 3661 975 3729 rationem
1005 3661 1170 3738 indicent;
1202 3661 1301 3728 modo
1322 3659 1495 3744 aliquanto

298 3783 398 3849 latior
430 3782 465 3849 in
492 3782 535 3849 iis
557 3783 647 3850 inest
670 3783 743 3849 vis:
767 3799 867 3867 saepe
887 3782 980 3848 enim
1003 3783 1214 3867 adhibentur,
1238 3801 1316 3850 cum
1338 3799 1406 3850 non
1429 3800 1495 3850 cer·

299 3908 374 3970 tam
400 3903 570 3986 quandam
593 3903 753 3970 sanandi
776 3903 944 3971 rationem
967 3906 1101 3986 spectat
1123 3902 1349 3986 philosophus,
1373 3903 1432 3971 sed
1454 3903 1496 3971 de

299 4025 421 4108 quovis
460 4028 661 4108 argumento
702 4026 823 4108 quavis
855 4025 986 4092 ratione
1018 4023 1216 4107 exponendo
1250 4041 1361 4091 sermo
1394 4021 1495 4110 osv).

300 4146 476 4215 Platonem
509 4151 625 4215 autem
659 4147 695 4213 in
725 4147 811 4213 artis
842 4145 1013 4214 vocabulis
1044 4145 1181 4213 utendis
1211 4162 1280 4212 non
1312 4145 1399 4212 satis
1428 4145 1496 4211 dili·

299 4271 418 4350 genter
453 4269 581 4336 versari
613 4272 651 4336 et
684 4269 820 4352 saepius
853 4267 943 4351 apud
976 4284 1056 4335 eum
1086 4265 1248 4335 vocabula
1277 4267 1426 4333 nondum
1453 4267 1496 4334 ad

334 4505 362 4570 1)
378 4503 450 4554 Licet
465 4519 491 4570 p.
509 4501 589 4554 did!
605 4502 723 4568 legerinlr
742 4499 837 4552 οὔκοῦο
855 4497 970 4564 διηγήσιι
987 4496 1114 4563 χρήσεται
1132 4497 1173 4564 οἵᾳ
1190 4495 1262 4559 aluric
1279 4495 1366 4560 tityre
1382 4497 1498 4562 rotun,

300 4583 430 4648 διήλήομσσ
455 4584 510 4647 mi
535 4585 572 4634 rh
594 4587 641 4634 σοῦ
660 4581 770 4646 ὀμήοοο
787 4581 844 4640 torn.
861 4607 897 4623 -
914 4581 1097 4631 Multandum
1115 4579 1147 4630 ud
1164 4580 1230 4630 hunc
1247 4595 1352 4630 errorem
1369 4579 1498 4630 creandum

299 4669 413 4720 attulisse
430 4684 485 4718 eam
502 4683 599 4733 quoquo
616 4666 818 4733 disputationem,
839 4680 901 4731 quae
918 4664 948 4714 de
965 4663 1049 4714 ωιὶοω
1068 4661 1211 4728 quastione
1232 4661 1296 4712 libro
1314 4661 1408 4712 docimo
1423 4667 1499 4722 extet,

298 4751 458 4802 munitatem
476 4756 521 4800 ert

333 4831 359 4895 2)
383 4830 442 4883 vio.
467 4848 492 4898 p.
511 4831 601 4891 etan,
627 4847 652 4896 p.
671 4831 720 4881 898
728 4829 758 4892 B,
783 4845 807 4895 p.
826 4829 915 4890 8⁹41),
938 4845 963 4895 p.
980 4826 1066 4888 8000,
1083 4825 1203 4893 inprimis
1219 4831 1303 4876 netem
1320 4841 1345 4891 p.
1363 4825 1497 4876 dddB-(l

307 4913 481 4981 namn
