3848 6006
931 840 999 907 885

373 1024 506 1091 nimiam
539 1022 698 1091 ddneism
730 1021 891 1090 leotiones
925 1021 1071 1089 traditas
1104 1021 1260 1090 mumndi
1294 1022 1463 1089 minuent.
1497 1023 1562 1090 Sed

370 1143 588 1214 FrnnooGulli
616 1146 737 1228 ntique
765 1160 866 1227 saepe
894 1142 1071 1227 emphasin
1096 1141 1285 1229 neglegunt,
1309 1162 1387 1212 oum
1411 1145 1505 1212 nobis
1523 1163 1565 1213 es

366 1267 515 1336 maxime
533 1284 619 1351 opus
636 1282 713 1335 esse
730 1265 903 1335 videatur!
922 1266 962 1333 In
981 1283 1019 1334 re
1038 1269 1120 1334 nota
1138 1266 1226 1333 sads
1245 1266 1328 1333 duxi
1338 1266 1427 1334 locos
1437 1267 1566 1351 aliquot

365 1388 439 1457 Tibi
460 1389 499 1457 in
521 1388 724 1457 memorium
745 1404 919 1465 renoeere3
943 1385 1051 1455 veluti
1072 1388 1163 1471 apud

363 1511 500 1597 moine,
523 1511 767 1593 Andromuque
788 1509 832 1577 ΙΙ.
855 1527 881 1578 v
901 1513 1008 1578 extu:
1032 1508 1102 1578 Rhe
1122 1527 1167 1577 en
1185 1527 1330 1588 mentre,
1349 1509 1510 1594 Phoenix,
1529 1514 1565 1577 et

446 1632 523 1719 j'en
554 1634 643 1701 serui
671 1631 705 1701 la
728 1650 841 1701 deuse.
864 1632 922 1699 ΠΙ,
946 1650 961 1699 1
983 1633 1046 1701 im:
1070 1633 1119 1701 Le
1141 1634 1232 1701 eruel
1255 1651 1298 1700 ne
1319 1632 1352 1700 ln
1375 1634 1478 1716 prend
1501 1651 1566 1716 que

455 1773 542 1839 pour
570 1774 625 1823 me
653 1752 844 1825 i’arrscher.
875 1756 935 1823 ΠΙ.
958 1774 1023 1824 vm
1045 1754 1109 1823 in.:
1134 1755 1258 1837 Deis-ie
1280 1757 1330 1824 ies
1351 1756 1487 1836 oubiier,
1512 1757 1568 1824 s'r'l

456 1893 501 1944 ne
529 1876 603 1945 s’en
634 1854 794 1945 souvient
824 1874 927 1961 pus?
957 1876 1017 1947 IV.
1048 1894 1073 1945 v
1096 1880 1186 1945 extr.
1209 1878 1264 1947 Vs
1284 1879 1332 1946 lui
1353 1879 1446 1963 jurer
1468 1879 1501 1947 la
1523 1879 1567 1947 foi

457 2015 523 2082 que
546 2002 587 2066 tn
610 1998 755 2067 m’avuis
774 1998 882 2083 jnree.

361 2119 511 2200 lioiiere,
534 2120 583 2189 Le
600 2121 785 2203 Bourgeois
804 2119 1107 2189 Gentilhommeii.
1119 2138 1174 2188 rv:
1187 2120 1366 2189 comment
1378 2122 1566 2191 monsieuri

457 2242 487 2310 11
517 2243 615 2311 vient
643 2259 730 2311 nous
759 2242 830 2311 dire
859 2242 920 2311 des
941 2242 1072 2327 injures
1093 2244 1116 2311 d
1137 2246 1216 2311 tous
1238 2244 1288 2311 les
1309 2244 1409 2329 deux,
1433 2261 1478 2311 en
1502 2245 1568 2313 me·

458 2366 593 2449 prisunt
614 2364 649 2433 is
670 2365 777 2433 dense
798 2382 864 2449 que
878 2362 1041 2451 j’exeree,
1063 2369 1100 2433 et
1122 2366 1157 2433 lu
1178 2366 1334 2449 musique
1356 2367 1441 2434 dont
1463 2367 1570 2435 iltuit

459 2487 656 2573 profession.
686 2486 746 2555 111.
767 2506 851 2555 xm:
881 2486 1005 2556 Suivez
1029 2487 1108 2565 moi,
1131 2505 1188 2554 me
1210 2488 1285 2571 dile,
1309 2491 1346 2555 et
1368 2505 1474 2556 venen
1497 2490 1569 2557 dire

459 2609 668 2678 resoldment
689 2610 711 2677 d
732 2612 830 2677 votre
852 2608 939 2693 pere,
963 2626 1038 2695 que,
1062 2609 1093 2675 si
1116 2625 1201 2676 vous
1220 2626 1263 2677 ne
1281 2608 1398 2695 l'svez,
1419 2628 1505 2679 vous
1526 2629 1569 2679 ne

460 2731 580 2801 voulez
611 2732 753 2815 epouser
786 2747 962 2814 personne.
991 2730 1052 2798 IV.
1084 2749 1127 2797 11:
1161 2730 1245 2797 o'est
1274 2730 1364 2798 ainsi
1393 2750 1459 2815 que
1483 2751 1569 2802 vens

460 2852 605 2923 festinet
638 2852 688 2921 les
720 2853 839 2921 demes
868 2871 912 2921 en
942 2869 1022 2920 mon
1052 2853 1204 2935 absonos
1236 2856 1272 2920 et
1301 2871 1366 2937 que
1388 2872 1474 2922 vous
1498 2855 1570 2922 leur

461 2974 592 3045 donnes
615 2972 650 3043 hr
671 2975 828 3059 musique
848 2978 886 3042 et
907 2974 940 3043 le
962 2974 1122 3052 demedio,
1144 2975 1259 3043 tendis
1278 2992 1343 3059 qne
1361 2993 1448 3044 vous
1467 2977 1569 3045 m'en·

462 3114 570 3183 voyeu
593 3096 791 3180 promeneri

369 3221 421 3291 Iro
442 3219 618 3303 Fontuine,
640 3218 689 3285 Le
711 3216 824 3286 chene
846 3221 884 3286 et
904 3217 936 3286 le
959 3220 1109 3287 Roseeu:
1134 3218 1222 3287 i'out
1244 3237 1330 3287 vous
1352 3224 1406 3288 eet
1425 3221 1569 3308 aquilon,

462 3344 542 3409 tout
563 3357 617 3407 me
640 3338 768 3407 semble
788 3339 924 3424 zephyr.

418 3462 543 3548 Quodsi
560 3462 666 3544 igitur
683 3460 941 3530 Frento-Gallus
952 3461 1074 3545 aliquis
1085 3463 1256 3531 Porsonus
1267 3463 1371 3531 solius
1382 3466 1572 3534 sententiae

372 3590 410 3656 et
442 3584 642 3668 emphaseos
672 3582 803 3652 ratione
833 3584 950 3652 habitu
978 3585 1106 3669 judieet
1136 3586 1178 3653 de
1199 3587 1317 3654 enolisi
1335 3588 1572 3671 pronominum

375 3710 589 3791 dresserum,
623 3722 724 3789 saepe
756 3706 855 3775 aliter
885 3706 1012 3790 judicet
1042 3710 1145 3791 etque
1175 3725 1277 3776 verus
1306 3709 1361 3775 ille
1390 3709 1570 3795 Porsonus,

373 3832 505 3915 eritque
527 3826 647 3896 smmi
668 3828 834 3895 sermonis
856 3827 970 3909 legum
992 3827 1202 3911 quarundam
1222 3830 1371 3897 varietus
1389 3830 1573 3898 seeundum

375 3953 532 4021 nationes
553 3949 798 4033 mterpretumr

421 4073 472 4141 At
501 4070 653 4149 Perenni,
681 4068 740 4152 qui
771 4071 906 4155 quidem
936 4070 1027 4153 digni
1051 4072 1122 4139 sint
1146 4076 1243 4140 tante
1267 4075 1412 4160 nomine,
1436 4091 1515 4141 cum
1538 4078 1574 4142 et

373 4195 515 4281 penitus
547 4193 674 4262 Grseee
707 4193 817 4262 soient
848 4199 884 4262 et
915 4195 986 4262 sint
1021 4195 1243 4275 spiritumet,
1275 4213 1382 4279 neque
1405 4197 1576 4264 vemeouli

373 4317 543 4389 sermonis
571 4316 662 4398 leges
687 4316 871 4385 obtundent
892 4318 1027 4399 linguae
1050 4318 1207 4397 Graecae,
1230 4322 1276 4397 et,
1301 4336 1379 4385 eum
1403 4319 1576 4386 affirmant

373 4439 577 4523 emphaseos
610 4454 648 4504 se
682 4438 848 4506 rationem
882 4439 1014 4522 habere,
1044 4441 1105 4507 hoo
1135 4440 1317 4525 affirment,
1348 4457 1385 4506 se
1407 4457 1466 4507 ees
1487 4440 1577 4521 leges

373 4561 578 4645 emphaseos
611 4559 791 4627 observare
820 4578 906 4643 quas
936 4565 1071 4628 veteres
1101 4560 1229 4640 Graeci,
1252 4561 1374 4628 saltem
1397 4562 1577 4644 scriptores

374 4680 522 4765 antiqui,
544 4678 654 4748 secuti
676 4679 758 4747 sint.

424 4802 555 4888 Nempe
576 4800 762 4886 disputatio
785 4803 854 4873 iam
876 4824 915 4875 eo
938 4807 1105 4891 pervenit,
1130 4823 1197 4890 quo
1219 4806 1262 4873 ab
1285 4804 1382 4873 initio
1405 4805 1578 4889 tendebat,
