4134 6140
924 898 989 965 289

400 1083 509 1150 Facile
543 1087 598 1151 est
632 1101 734 1150 usum
764 1083 949 1164 figuratum
979 1083 1014 1150 in
1045 1082 1168 1151 Latino
1197 1081 1351 1165 prosequi
1383 1097 1549 1150 sermone.

354 1204 428 1270 Iam
450 1205 485 1270 in
508 1201 655 1272 Terentii
677 1204 831 1272 Eunuchi
854 1205 988 1288 prologo
1012 1207 1193 1272 occurrunt
1214 1203 1354 1287 parasiti
1376 1207 1412 1270 et
1430 1201 1550 1270 militis

355 1325 486 1406 gloriosi
515 1341 686 1408 personae,
714 1325 811 1390 riser
833 1325 1001 1410 quondam
1023 1328 1330 1408 repraesentantes.
1365 1323 1548 1391 Personam

354 1448 495 1516 alicuius
525 1465 625 1530 agere
653 1447 743 1516 idem
773 1448 943 1531 estquod
973 1451 1087 1532 partes
1116 1448 1259 1514 alicuius
1289 1463 1404 1530 agere3
1436 1445 1550 1513 cicero

355 1576 582 1642 rtsoearmcir
606 1570 778 1653 coniungit
801 1571 946 1654 Hamsp.
971 1588 1058 1654 resp.
1080 1571 1142 1636 28:
1166 1568 1549 1636 temerationem...

356 1709 422 1759 non
451 1693 677 1776 suscepissem
706 1692 772 1758 nisi
800 1691 888 1759 hanc
913 1709 1092 1776 personam
1115 1695 1151 1759 et
1173 1693 1236 1758 bas
1258 1695 1373 1775 partes
1395 1691 1550 1758 deberem

356 1818 391 1881 et
420 1831 557 1898 possem
584 1815 763 1881 sustinere.
798 1815 925 1896 Operae
947 1814 1095 1896 pretium
1117 1817 1172 1880 est
1193 1813 1311 1880 afferre
1335 1813 1551 1880 exoratione

355 1953 415 2019 pro
443 1934 483 2000 L.
510 1935 650 2002 Murena
673 1935 714 2001 3:
745 1951 806 2016 ego
829 1937 947 2001 autem
969 1934 1032 2002 has
1053 1938 1169 2018 partes
1191 1933 1344 2001 lenitatis
1366 1937 1401 2000 et
1424 1933 1550 2000 miseri·

356 2056 486 2124 cordiae
515 2073 600 2139 quas
631 2074 687 2124 me
717 2057 841 2122 natura
857 2051 881 2133 ¹)
912 2055 986 2138 ipsa
1015 2054 1129 2122 docuit
1158 2071 1291 2137 semper
1313 2054 1365 2135 egi
1388 2053 1550 2135 libenter3

356 2177 447 2244 illam
478 2195 557 2244 vero
587 2178 768 2258 8181118118
798 2177 1058 2258 severitatisque
1089 2193 1266 2258 personam
1297 2193 1363 2243 non
1389 2174 1550 2257 appetivi,

356 2298 414 2364 sed
438 2298 481 2364 ab
503 2297 673 2380 republica
694 2297 779 2364 mibi
802 2297 995 2380 impositam
1019 2297 1168 2364 sustinui
1190 2298 1281 2364 siout
1298 2297 1401 2363 buius
1419 2294 1551 2379 imperii

357 2419 505 2501 dignitas
534 2421 570 2486 in
597 2436 733 2486 summo
755 2418 899 2501 periculo
921 2419 1048 2486 civium
1070 2417 1273 2502 postulabat.
1297 2419 1387 2485 Hinc
1408 2416 1551 2499 legimus

357 2541 461 2608 etiam
491 2557 630 2622 gravem
659 2544 696 2607 et
720 2557 883 2620 severam,
909 2541 1145 2607 vehementem
1167 2543 1204 2606 et
1225 2557 1337 2607 aorem
1361 2555 1549 2621 personam.

357 2660 543 2728 Discrimen
572 2665 722 2728 actorem
745 2661 836 2727 inter
858 2664 894 2728 et
916 2662 1028 2744 ipsum
1052 2661 1224 2728 hominem
1246 2661 1356 2728 elucet
1378 2662 1413 2727 in
1438 2660 1551 2727 verbis

357 2781 446 2848 Livii
476 2782 525 2848 1Π
550 2782 593 2848 36
626 2782 683 2848 ubi
710 2780 817 2870 „ille”,
838 2782 960 2865 inquit,
987 2783 1084 2870 „finis
1107 2783 1217 2866 Appio
1239 2781 1366 2850 alienae
1388 2800 1551 2865 personae

356 2903 511 2971 ferendas
529 2903 605 2970 linit.
625 2902 693 2971 Suo
712 2903 781 2970 iam
801 2904 878 2970 inde
894 2905 1009 2971 vivere
1021 2903 1155 2985 ingenio
1166 2902 1309 2987 coepit”.
1328 2905 1550 2971 Abstractum

357 3042 418 3108 pro
439 3028 594 3092 concreto
616 3025 753 3107 ponitur
775 3025 834 3108 ita,
858 3029 900 3091 ut
922 3025 1027 3092 etiam
1050 3025 1091 3092 de
1114 3025 1214 3092 rebus
1236 3041 1379 3106 persona
1397 3024 1461 3092 dici
1481 3041 1552 3108 pos·

357 3145 415 3224 sit,
434 3163 500 3228 quo
518 3163 622 3212 sensu
641 3145 768 3214 Seneca
787 3162 839 3228 ep.
859 3146 902 3212 24
920 3145 1095 3212 contendit
1114 3163 1181 3212 non
1201 3145 1394 3212 bominibus
1414 3149 1550 3214 tantum

358 3269 415 3335 sed
439 3272 474 3335 et
496 3269 597 3335 rebus
618 3285 797 3350 personam
819 3268 1017 3335 demendam
1042 3285 1117 3336 esse
1140 3271 1176 3335 et
1198 3268 1401 3336 reddendam
1429 3268 1547 3335 faciem

358 3406 466 3456 suam.

404 3511 564 3579 Memoria
590 3511 745 3578 ludorum
776 3511 951 3578 evanescit
981 3514 1016 3578 et
1039 3527 1181 3593 persone
1202 3512 1371 3578 indicatur
1393 3513 1549 3597 conditio,

359 3635 482 3716 status,
503 3649 630 3699 munus
648 3633 736 3716 quod
757 3632 899 3714 quisque
917 3633 1013 3713 gerit.
1034 3633 1143 3699 Lubet
1161 3633 1215 3698 bio
1234 3633 1371 3700 laudare
1389 3633 1553 3701 Melanch·

358 3753 467 3821 thonii
489 3753 729 3820 Reformatoris
751 3752 853 3819 verba
875 3756 993 3819 contra
1016 3753 1194 3821 Servetum
1218 3754 1253 3819 in
1276 3753 1373 3821 Locis
1398 3755 1552 3822 Commu·

359 3875 460 3941 nibus
479 3873 816 3954 (Tmndelenburgius
835 3891 867 3956 p.
888 3873 960 3953 13):
981 3875 1080 3941 Lusit
1094 3874 1194 3941 homo
1208 3874 1377 3943 fanaticus
1390 3876 1551 3944 Servatus

359 3994 400 4060 de
429 3993 588 4062 vocabulo
617 3994 783 4062 Personae
816 3997 853 4060 et
886 3994 1040 4077 disputat
1071 3994 1151 4062 olim
1180 3994 1314 4062 Latinis
1345 3997 1553 4077 significasse

358 4114 514 4182 habitum
545 4119 607 4183 aut
636 4115 737 4182 officii
757 4116 1023 4201 distinctionem,
1048 4120 1089 4182 ut
1112 4116 1264 4184 dicimus.
1288 4118 1448 4185 Roscium
1470 4117 1553 4185 eliae

360 4235 529 4304 sustinere
552 4253 731 4317 personam
754 4235 886 4319 Ulissis,
909 4237 993 4304 alias
1017 4237 1184 4305 sustinere
1203 4255 1381 4322 personam
1400 4239 1552 4322 Achillis,

360 4373 420 4424 seu
453 4357 598 4423 aliaest
628 4374 769 4439 persona
799 4358 954 4434 consulis,
987 4358 1053 4425 alia
1084 4359 1184 4437 servi,
1216 4361 1257 4425 ut
1288 4359 1401 4426 Cicero
1425 4361 1551 4443 inquit:

360 4494 522 4558 magnum
551 4480 606 4544 est
635 4478 670 4543 in
699 4479 867 4562 republica
894 4479 982 4546 tueri
1005 4497 1183 4563 personam
1206 4480 1375 4563 principis.
1400 4481 1444 4547 tlt
1467 4481 1553 4547 hanc

394 4706 419 4767 1)
441 4704 545 4755 0811818
568 4705 599 4755 ds
617 4703 765 4755 018188
784 4710 837 4754 lum
854 4721 950 4754 8811818
967 4704 1031 4755 illud
1048 4709 1133 4770 potios
1151 4703 1254 4755 dicimos
1272 4705 1337 4770 qood
1354 4705 1510 4756 decanicum
1528 4705 1554 4757 it

361 4788 426 4855 qnod
443 4803 539 4854 qusque
555 4803 658 4853 persons
675 4786 776 4852 dignum
793 4794 831 4838 ost
847 4794 873 4838 et
889 4789 917 4838 lit
934 4794 960 4838 ot
976 4786 1124 4838 dicitas...
1141 4787 1218 4837 Nobis
1236 4793 1318 4838 811811
1336 4788 1554 4856 8818181ιί881-

360 4870 411 4922 suit
426 4870 481 4937 ipsa
497 4875 595 4930 181111,
611 4885 701 4934 magns
717 4885 772 4919 cnm
789 4869 934 4920 81881181118
951 4869 1150 4936 penitentiaque
1167 4869 1329 4921 animantium
1347 4869 1505 4937 reliquorum.

1422 4969 1453 5020 10
