3848 6006
825 818 891 887 135

351 998 437 1083 Quid
459 1001 532 1068 tam
555 999 681 1081 grande
704 1000 828 1086 sophos
849 1000 975 1069 elamat
999 1000 1062 1068 tibi
1084 1000 1185 1067 turba
1207 1000 1350 1082 togata?

395 1119 469 1188 Non
491 1123 542 1204 tu,
565 1120 738 1205 Pomponi,
761 1105 845 1191 eene
867 1122 995 1190 diserta
1017 1125 1156 1192 tuaest

259 1239 295 1305 et
318 1237 373 1306 hie
395 1240 527 1309 Horatii

426 1360 577 1430 Fannius
599 1362 822 1445 Hermogenis
843 1362 957 1433 laedat
976 1365 1120 1434 conviva
1142 1364 1283 1447 Tigelli?

258 1480 323 1549 Sed
341 1499 479 1552 omnem
501 1484 564 1553 tibi
585 1485 716 1553 eximet
740 1486 986 1556 dubitationem
1009 1488 1064 1556 hie
1086 1488 1178 1556 locus
1199 1504 1242 1554 ex
1266 1488 1352 1554 Arte
1375 1487 1454 1555 Poe

259 1605 327 1673 tiea
350 1606 417 1674 419
440 1624 529 1692 eqq.:

395 1727 444 1795 Ut
465 1746 594 1814 praeeo,
617 1730 659 1798 ad
683 1747 812 1800 memes
834 1732 972 1800 turbam
994 1732 1053 1816 qui
1075 1733 1164 1814 cogit
1186 1731 1357 1816 emendas,

394 1850 635 1920 Aseentateres
655 1852 751 1920 iubet
771 1852 813 1920 ad
835 1829 967 1921 lue'rum
992 1854 1040 1922 ire
1061 1857 1163 1938 poeta

394 1970 497 2039 Dives
518 1973 619 2057 agris,
644 1972 739 2040 dives
761 1974 882 2057 positis
904 1974 940 2041 in
963 1973 1097 2043 foenore
1118 1974 1281 2042 nummis.

394 2092 431 2160 Si
452 2097 578 2169 verost.
601 2096 743 2162 anetam
764 2096 822 2178 qui
844 2098 935 2163 reete
955 2113 1077 2181 ponere
1098 2095 1208 2181 possit

393 2214 437 2281 ut
458 2215 621 2298 spondens
643 2214 711 2283 levi
733 2233 793 2299 pro
814 2233 958 2300 paupere
980 2221 1017 2284 et
1039 2216 1167 2300 eripere
1188 2217 1274 2285 artie

392 2335 527 2404 Litibus
549 2335 762 2420 implicitum,
785 2338 942 2416 mirabor,
966 2339 996 2405 si
1019 2338 1105 2406 sciet
1126 2339 1216 2407 inter
1254 2356 1261 2369 ·

392 2457 536 2525 Noseem
555 2459 752 2526 mendacem
775 2476 959 2542 verumque
982 2461 1103 2528 beatus
1126 2461 1283 2528 amicum.

255 2580 368 2647 Paene
393 2580 488 2647 nesae
509 2584 574 2662 eet,
599 2579 739 2657 Nebera
762 2598 784 2649 a
806 2581 1022 2648 suavissimis
1045 2581 1127 2648 Tuis
1150 2583 1450 2666 urbanissimisque

254 2718 414 2769 exorsum
445 2700 611 2768 coluviviis
637 2701 840 2783 subiungere
863 2705 935 2769 tam
960 2702 1069 2770 multa
1092 2703 1132 2769 de
1154 2703 1301 2772 divitum
1323 2723 1449 2774 scurra·

254 2840 333 2890 rum
362 2828 398 2890 et
428 2823 731 2891 abiectissimmum
754 2822 965 2890 adulatorum
990 2822 1105 2907 epulis.
1130 2824 1194 2892 Sed
1217 2842 1283 2908 quo
1305 2826 1450 2910 quidque

254 2947 310 3012 est
341 2944 572 3027 praestantius
602 2943 837 3026 pulchriusque
866 2960 906 3012 eo
932 2946 1041 3026 magis
1064 2946 1153 3013 nitet
1177 2946 1396 3031 splendetque
1418 2949 1449 3015 si

254 3065 368 3149 tulpia
389 3069 427 3132 et
448 3065 583 3146 ingmta
604 3066 830 3148 opponuntur.
