3848 6006
367 988 443 1053 erat
458 984 562 1051 aliam
580 983 721 1050 subesse
739 998 878 1049 oausam
896 998 1000 1063 quam
1014 980 1106 1049 luem
1122 981 1321 1064 jamdudum
1333 986 1568 1063 graamniem.

367 1105 453 1188 Quid
487 1121 577 1188 vero,
611 1105 691 1186 quid
723 1120 848 1185 quaeso
881 1102 1075 1185 significant
1108 1120 1166 1170 vv.
1196 1103 1219 1169 3
1249 1107 1287 1170 et
1316 1105 1364 1169 4?
1387 1103 1568 1187 Numquid

365 1226 500 1308 ignorat
531 1244 603 1306 rex,
637 1243 698 1291 cur
731 1223 821 1296 dm
855 1220 1061 1298 θυμιαμάτων
1094 1223 1147 1286 τι)
1178 1222 1409 1300 στεναγμάτων
1440 1223 1567 1300 riute?

365 1350 485 1417 Nonne
508 1350 600 1431 haec,
624 1348 743 1425 hercle,
766 1351 851 1414 sunt
873 1347 979 1424 ννυτὸ
1003 1347 1077 1410 nux
1098 1346 1230 1423 irrora
1253 1354 1298 1425 (v.
1323 1348 1407 1426 58)?
1432 1385 1465 1395 -
1493 1348 1567 1414 ast

368 1469 412 1555 „il
432 1470 508 1538 iant
527 1471 626 1554 juger
646 1469 697 1536 leo
717 1470 821 1536 eorita
836 1469 970 1552 ‹l’apree
987 1468 1061 1536 leur
1079 1469 1198 1537 ‹late”:
1217 1470 1273 1536 his
1291 1470 1421 1552 antiqui
1434 1470 1566 1553 prologi

364 1591 514 1673 reliquiis
532 1607 600 1658 non
616 1590 811 1666 offenditur,
827 1590 887 1671 qui
906 1591 1040 1658 noverit
1058 1607 1162 1673 qnam
1179 1591 1325 1657 arduum
1343 1591 1390 1657 ait
1407 1591 1565 1659 aiormis

364 1712 469 1780 semel
486 1712 630 1794 reoeptia
647 1709 790 1778 viriliter
806 1711 974 1778 dieoedere
990 1715 1028 1778 et
1044 1729 1148 1794 quam
1166 1712 1339 1795 pueriliter
1356 1713 1462 1780 etiam
1481 1716 1564 1795 post

364 1831 534 1916 sophoclis
574 1832 742 1914 praeclara
781 1831 935 1915 exempla
976 1832 1151 1916 Euripidae
1186 1851 1443 1916 nonnumquam
1476 1851 1563 1901 suaa

363 1954 494 2022 fabulae
527 1956 574 2021 sit
603 1971 755 2021 exorem
793 1953 904 2021 Nolim
935 1955 1050 2036 itaque
1080 1957 1215 2022 tentare
1247 1957 1309 2022 hos
1340 1972 1472 2038 versuo,
1501 1957 1562 2039 qui

362 2076 484 2144 leviter
505 2076 695 2143 submutati
716 2078 795 2157 post
818 2092 870 2140 vo
895 2076 936 2141 21
962 2075 1084 2142 melius
1104 2078 1335 2144 eonvenirent.

408 2196 516 2265 llulta
537 2198 603 2264 alia
625 2199 660 2264 in
682 2197 745 2264 hoo
767 2198 935 2279 prooemio
955 2197 1161 2279 disputanda
1180 2201 1383 2279 annemunt3
1407 2199 1467 2265 sed

501 2319 1392 2402 aamuomrooapuerimtpmuuumoo

406 2442 548 2507 Interim
570 2456 656 2524 quae
677 2441 720 2506 do
743 2457 797 2506 vn.
818 2442 854 2507 ll
883 2436 1041 2511 δείσαντες
1066 2440 1084 2515 ἢ
1107 2438 1289 2520 στέρξαντες
1311 2441 1474 2510 audacius
1493 2442 1561 2509 dio

360 2565 461 2629 turus
482 2578 586 2642 eram,
609 2577 736 2627 nonum
760 2563 958 2643 premantur
979 2562 1016 2628 in
1037 2578 1179 2644 annum,
1201 2563 1306 2628 donee
1327 2561 1397 2630 Deo
1417 2563 1562 2631 favente

360 2683 484 2750 Nestor
514 2686 631 2749 noster
655 2684 813 2765 quartam
835 2686 986 2749 aetatem
1009 2682 1134 2748 viderit
1155 2685 1310 2750 exortam
1332 2683 1430 2765 eique
1453 2701 1560 2752 nona·

360 2804 494 2885 genario
516 2803 654 2871 crudam
676 2803 882 2886 viridemque
904 2807 1118 2871 seneotulem
1141 2805 1266 2872 iterum
1289 2805 1512 2886 gratulemur.
