<?xml version="1.0" encoding="UTF-8"?>
<!DOCTYPE html PUBLIC "-//W3C//DTD XHTML 1.0 Transitional//EN"
    "http://www.w3.org/TR/xhtml1/DTD/xhtml1-transitional.dtd">
<html xmlns="http://www.w3.org/1999/xhtml" xml:lang="en" lang="en">
 <head>
  <title>
</title>
<meta http-equiv="Content-Type" content="text/html;charset=utf-8" />
  <meta name='ocr-system' content='tesseract 3.04.00' />
  <meta name='ocr-capabilities' content='ocr_page ocr_carea ocr_par ocr_line ocrx_word'/>
</head>
<body>
  <div class='ocr_page' id='page_1' title='image "./sertumnabericum00nabegoog_0436.png"; bbox 0 0 3848 6006; ppageno 0'>
   <div class='ocr_carea' id='block_1_1' title="bbox 922 869 990 937">
    <p class='ocr_par' dir='ltr' id='par_1_1' title="bbox 922 869 990 937">
     <span class='ocr_line' id='line_1_1' title="bbox 922 869 990 937; baseline 0.015 -1"><span class='ocrx_word' id='word_1_1' title='bbox 922 869 990 937; x_wconf 76' lang='lat'>430</span> 
     </span>
    </p>
   </div>
   <div class='ocr_carea' id='block_1_2' title="bbox 358 1049 1562 3082">
    <p class='ocr_par' dir='ltr' id='par_1_2' title="bbox 359 1049 1562 2473">
     <span class='ocr_line' id='line_1_2' title="bbox 360 1049 1562 1135; baseline -0.002 -14"><span class='ocrx_word' id='word_1_2' title='bbox 360 1055 525 1122; x_wconf 79' lang='lat' dir='ltr'>arbitratu</span> <span class='ocrx_word' id='word_1_3' title='bbox 545 1051 707 1130; x_wconf 75' lang='grc' dir='ltr'><strong><em>βοτομίον</em></strong></span> <span class='ocrx_word' id='word_1_4' title='bbox 725 1053 762 1118; x_wconf 94' lang='lat' dir='ltr'>in</span> <span class='ocrx_word' id='word_1_5' title='bbox 779 1049 919 1127; x_wconf 72' lang='grc' dir='ltr'><strong><em>βοτανῶν</em></strong></span> <span class='ocrx_word' id='word_1_6' title='bbox 939 1052 1116 1134; x_wconf 84' lang='lat' dir='ltr'>refingens.</span> <span class='ocrx_word' id='word_1_7' title='bbox 1136 1052 1246 1119; x_wconf 84' lang='lat' dir='ltr'>Simo</span> <span class='ocrx_word' id='word_1_8' title='bbox 1266 1052 1376 1131; x_wconf 87' lang='lat' dir='ltr'>audis,</span> <span class='ocrx_word' id='word_1_9' title='bbox 1395 1054 1562 1135; x_wconf 82' lang='lat' dir='ltr'>procerte</span> 
     </span>
     <span class='ocr_line' id='line_1_3' title="bbox 360 1172 1562 1257; baseline 0 -16"><span class='ocrx_word' id='word_1_10' title='bbox 360 1175 496 1242; x_wconf 86' lang='lat' dir='ltr'>definire</span> <span class='ocrx_word' id='word_1_11' title='bbox 529 1192 631 1257; x_wconf 90' lang='lat' dir='ltr'>quam</span> <span class='ocrx_word' id='word_1_12' title='bbox 665 1173 738 1240; x_wconf 86' lang='lat' dir='ltr'>vim</span> <span class='ocrx_word' id='word_1_13' title='bbox 768 1173 890 1240; x_wconf 85' lang='lat' dir='ltr'>habeat</span> <span class='ocrx_word' id='word_1_14' title='bbox 920 1192 989 1241; x_wconf 90' lang='lat' dir='ltr'>vox</span> <span class='ocrx_word' id='word_1_15' title='bbox 1020 1173 1077 1241; x_wconf 90' lang='lat' dir='ltr'>illa</span> <span class='ocrx_word' id='word_1_16' title='bbox 1106 1172 1250 1252; x_wconf 72' lang='grc' dir='ltr'><strong><em>βττάμνον</em></strong></span> <span class='ocrx_word' id='word_1_17' title='bbox 1282 1191 1352 1241; x_wconf 94' lang='lat' dir='ltr'>non</span> <span class='ocrx_word' id='word_1_18' title='bbox 1373 1174 1562 1241; x_wconf 78' lang='lat' dir='ltr'><strong>admodum</strong></span> 
     </span>
     <span class='ocr_line' id='line_1_4' title="bbox 359 1293 1561 1379; baseline -0.003 -15"><span class='ocrx_word' id='word_1_19' title='bbox 359 1298 491 1365; x_wconf 81' lang='lat' dir='ltr'>difflcsse</span> <span class='ocrx_word' id='word_1_20' title='bbox 513 1299 577 1363; x_wconf 83' lang='lat' dir='ltr'>est.</span> <span class='ocrx_word' id='word_1_21' title='bbox 602 1296 686 1378; x_wconf 82' lang='lat' dir='ltr'>Quid</span> <span class='ocrx_word' id='word_1_22' title='bbox 709 1296 756 1362; x_wconf 91' lang='lat' dir='ltr'>sit</span> <span class='ocrx_word' id='word_1_23' title='bbox 777 1294 865 1375; x_wconf 74' lang='grc' dir='ltr'><strong><em>βοῦς,</em></strong></span> <span class='ocrx_word' id='word_1_24' title='bbox 887 1296 966 1379; x_wconf 92' lang='lat' dir='ltr'>quid</span> <span class='ocrx_word' id='word_1_25' title='bbox 991 1293 1124 1374; x_wconf 69' lang='grc' dir='ltr'><strong><em>τέμνννν,</em></strong></span> <span class='ocrx_word' id='word_1_26' title='bbox 1145 1296 1198 1363; x_wconf 87' lang='lat' dir='ltr'>vel</span> <span class='ocrx_word' id='word_1_27' title='bbox 1217 1295 1331 1379; x_wconf 85' lang='lat' dir='ltr'>pueris</span> <span class='ocrx_word' id='word_1_28' title='bbox 1349 1298 1474 1363; x_wconf 91' lang='lat' dir='ltr'>notum</span> <span class='ocrx_word' id='word_1_29' title='bbox 1493 1297 1561 1363; x_wconf 86' lang='lat' dir='ltr'>est.</span> 
     </span>
     <span class='ocr_line' id='line_1_5' title="bbox 361 1414 1562 1500; baseline -0.001 -15"><span class='ocrx_word' id='word_1_30' title='bbox 361 1419 512 1485; x_wconf 81' lang='lat' dir='ltr'><strong>Verbum</strong></span> <span class='ocrx_word' id='word_1_31' title='bbox 543 1417 663 1496; x_wconf 70' lang='grc' dir='ltr'><strong><em>πομνεον</em></strong></span> <span class='ocrx_word' id='word_1_32' title='bbox 693 1416 748 1497; x_wconf 84' lang='lat' dir='ltr'>(cf.</span> <span class='ocrx_word' id='word_1_33' title='bbox 779 1434 813 1482; x_wconf 86' lang='lat' dir='ltr'>v.</span> <span class='ocrx_word' id='word_1_34' title='bbox 837 1434 866 1483; x_wconf 84' lang='lat' dir='ltr'>c.</span> <span class='ocrx_word' id='word_1_35' title='bbox 897 1417 1115 1484; x_wconf 83' lang='lat' dir='ltr'>Homericum</span> <span class='ocrx_word' id='word_1_36' title='bbox 1147 1414 1232 1497; x_wconf 73' lang='grc' dir='ltr'><strong><em>ὅρκιον</em></strong></span> <span class='ocrx_word' id='word_1_37' title='bbox 1265 1418 1419 1500; x_wconf 66' lang='grc' dir='ltr'><strong><em>τάμνειν),</em></strong></span> <span class='ocrx_word' id='word_1_38' title='bbox 1451 1421 1492 1484; x_wconf 76' lang='lat' dir='ltr'>ut</span> <span class='ocrx_word' id='word_1_39' title='bbox 1524 1418 1562 1483; x_wconf 75' lang='lat' dir='ltr'>et</span> 
     </span>
     <span class='ocr_line' id='line_1_6' title="bbox 360 1537 1561 1624; baseline 0 -19"><span class='ocrx_word' id='word_1_40' title='bbox 360 1539 502 1624; x_wconf 77' lang='grc' dir='ltr'><strong><em>νδττννν,</em></strong></span> <span class='ocrx_word' id='word_1_41' title='bbox 542 1539 619 1606; x_wconf 91' lang='lat' dir='ltr'>inde</span> <span class='ocrx_word' id='word_1_42' title='bbox 652 1539 694 1605; x_wconf 91' lang='lat' dir='ltr'>ab</span> <span class='ocrx_word' id='word_1_43' title='bbox 728 1538 976 1621; x_wconf 79' lang='lat' dir='ltr'>antiquissimis</span> <span class='ocrx_word' id='word_1_44' title='bbox 1010 1540 1221 1622; x_wconf 69' lang='lat' dir='ltr'>temporibus</span> <span class='ocrx_word' id='word_1_45' title='bbox 1256 1539 1418 1606; x_wconf 91' lang='lat' dir='ltr'>sollemne</span> <span class='ocrx_word' id='word_1_46' title='bbox 1452 1537 1561 1605; x_wconf 78' lang='lat' dir='ltr'>luisse</span> 
     </span>
     <span class='ocr_line' id='line_1_7' title="bbox 359 1657 1561 1740; baseline 0 -13"><span class='ocrx_word' id='word_1_47' title='bbox 359 1665 495 1728; x_wconf 85' lang='lat' dir='ltr'>constat</span> <span class='ocrx_word' id='word_1_48' title='bbox 525 1660 560 1727; x_wconf 92' lang='lat' dir='ltr'>iu</span> <span class='ocrx_word' id='word_1_49' title='bbox 590 1659 771 1727; x_wconf 86' lang='lat' dir='ltr'>sacrificiis.</span> <span class='ocrx_word' id='word_1_50' title='bbox 802 1658 891 1726; x_wconf 82' lang='lat' dir='ltr'>Luce</span> <span class='ocrx_word' id='word_1_51' title='bbox 913 1660 1017 1740; x_wconf 82' lang='lat' dir='ltr'>igitur</span> <span class='ocrx_word' id='word_1_52' title='bbox 1040 1660 1163 1728; x_wconf 90' lang='lat' dir='ltr'>clarius</span> <span class='ocrx_word' id='word_1_53' title='bbox 1186 1664 1240 1727; x_wconf 87' lang='lat' dir='ltr'>est</span> <span class='ocrx_word' id='word_1_54' title='bbox 1263 1657 1411 1739; x_wconf 74' lang='grc' dir='ltr'><strong><em>βοτάμνο</em></strong></span> <span class='ocrx_word' id='word_1_55' title='bbox 1435 1659 1472 1726; x_wconf 91' lang='lat' dir='ltr'>in</span> <span class='ocrx_word' id='word_1_56' title='bbox 1496 1659 1561 1727; x_wconf 91' lang='lat' dir='ltr'>boc</span> 
     </span>
     <span class='ocr_line' id='line_1_8' title="bbox 359 1779 1561 1865; baseline -0.001 -16"><span class='ocrx_word' id='word_1_57' title='bbox 359 1783 494 1865; x_wconf 89' lang='lat' dir='ltr'>quidem</span> <span class='ocrx_word' id='word_1_58' title='bbox 523 1781 684 1850; x_wconf 87' lang='lat' dir='ltr'>orationis</span> <span class='ocrx_word' id='word_1_59' title='bbox 713 1784 877 1849; x_wconf 83' lang='lat' dir='ltr'>contextu</span> <span class='ocrx_word' id='word_1_60' title='bbox 908 1780 990 1848; x_wconf 91' lang='lat' dir='ltr'>nibil</span> <span class='ocrx_word' id='word_1_61' title='bbox 1020 1779 1110 1849; x_wconf 90' lang='lat' dir='ltr'>aliud</span> <span class='ocrx_word' id='word_1_62' title='bbox 1142 1782 1331 1863; x_wconf 82' lang='lat' dir='ltr'>significare</span> <span class='ocrx_word' id='word_1_63' title='bbox 1361 1799 1461 1865; x_wconf 89' lang='lat' dir='ltr'>posse</span> <span class='ocrx_word' id='word_1_64' title='bbox 1491 1781 1561 1848; x_wconf 90' lang='lat' dir='ltr'>nisi</span> 
     </span>
     <span class='ocr_line' id='line_1_9' title="bbox 360 1902 1560 1971; baseline -0.001 0"><span class='ocrx_word' id='word_1_65' title='bbox 360 1906 462 1971; x_wconf 93' lang='lat' dir='ltr'>boum</span> <span class='ocrx_word' id='word_1_66' title='bbox 495 1905 531 1970; x_wconf 92' lang='lat' dir='ltr'>in</span> <span class='ocrx_word' id='word_1_67' title='bbox 561 1903 722 1970; x_wconf 88' lang='lat' dir='ltr'>sacrificio</span> <span class='ocrx_word' id='word_1_68' title='bbox 751 1903 1028 1971; x_wconf 81' lang='lat' dir='ltr'>immolationem.</span> <span class='ocrx_word' id='word_1_69' title='bbox 1060 1902 1218 1970; x_wconf 83' lang='lat' dir='ltr'>Oetemm</span> <span class='ocrx_word' id='word_1_70' title='bbox 1241 1919 1321 1969; x_wconf 93' lang='lat' dir='ltr'>cum</span> <span class='ocrx_word' id='word_1_71' title='bbox 1344 1903 1416 1970; x_wconf 88' lang='lat' dir='ltr'>loce</span> <span class='ocrx_word' id='word_1_72' title='bbox 1439 1906 1560 1970; x_wconf 86' lang='lat' dir='ltr'>nostro</span> 
     </span>
     <span class='ocr_line' id='line_1_10' title="bbox 359 2025 1559 2111; baseline -0.003 -19"><span class='ocrx_word' id='word_1_73' title='bbox 359 2026 490 2093; x_wconf 81' lang='lat' dir='ltr'>utiliter</span> <span class='ocrx_word' id='word_1_74' title='bbox 514 2025 668 2107; x_wconf 93' lang='lat' dir='ltr'>componi</span> <span class='ocrx_word' id='word_1_75' title='bbox 690 2028 833 2108; x_wconf 87' lang='lat' dir='ltr'>possunt</span> <span class='ocrx_word' id='word_1_76' title='bbox 856 2025 1092 2107; x_wconf 82' lang='lat' dir='ltr'>inscriptiones</span> <span class='ocrx_word' id='word_1_77' title='bbox 1115 2025 1241 2107; x_wconf 81' lang='lat' dir='ltr'>aliquot</span> <span class='ocrx_word' id='word_1_78' title='bbox 1264 2025 1413 2092; x_wconf 89' lang='lat' dir='ltr'>Rhodiae</span> <span class='ocrx_word' id='word_1_79' title='bbox 1437 2025 1559 2111; x_wconf 87' lang='lat' dir='ltr'>(Inscr.</span> 
     </span>
     <span class='ocr_line' id='line_1_11' title="bbox 360 2145 1560 2231; baseline 0 -17"><span class='ocrx_word' id='word_1_80' title='bbox 360 2145 487 2224; x_wconf 84' lang='lat' dir='ltr'>Graec,</span> <span class='ocrx_word' id='word_1_81' title='bbox 521 2147 599 2230; x_wconf 85' lang='lat' dir='ltr'>XII,</span> <span class='ocrx_word' id='word_1_82' title='bbox 635 2146 825 2222; x_wconf 79' lang='lat' dir='ltr'>let-796,</span> <span class='ocrx_word' id='word_1_83' title='bbox 861 2145 937 2228; x_wconf 83' lang='grc'>798,</span> <span class='ocrx_word' id='word_1_84' title='bbox 975 2147 1054 2223; x_wconf 87' lang='grc'>801,</span> <span class='ocrx_word' id='word_1_85' title='bbox 1086 2147 1178 2231; x_wconf 84' lang='grc'><strong><em>804),</em></strong></span> <span class='ocrx_word' id='word_1_86' title='bbox 1210 2146 1400 2229; x_wconf 88' lang='lat' dir='ltr'>inquibus</span> <span class='ocrx_word' id='word_1_87' title='bbox 1429 2146 1560 2214; x_wconf 74' lang='lat' dir='ltr'>testum</span> 
     </span>
     <span class='ocr_line' id='line_1_12' title="bbox 359 2265 1559 2351; baseline -0.002 -17"><span class='ocrx_word' id='word_1_88' title='bbox 359 2268 525 2351; x_wconf 86' lang='lat' dir='ltr'>quoddam</span> <span class='ocrx_word' id='word_1_89' title='bbox 556 2268 649 2334; x_wconf 88' lang='lat' dir='ltr'>urbis</span> <span class='ocrx_word' id='word_1_90' title='bbox 678 2265 777 2333; x_wconf 90' lang='lat' dir='ltr'>Lindi</span> <span class='ocrx_word' id='word_1_91' title='bbox 800 2266 937 2333; x_wconf 88' lang='lat' dir='ltr'>nomine</span> <span class='ocrx_word' id='word_1_92' title='bbox 959 2267 1058 2349; x_wconf 88' lang='lat' dir='ltr'>plane</span> <span class='ocrx_word' id='word_1_93' title='bbox 1080 2268 1222 2349; x_wconf 82' lang='lat' dir='ltr'>gemello</span> <span class='ocrx_word' id='word_1_94' title='bbox 1244 2272 1387 2336; x_wconf 82' lang='lat' dir='ltr'>vocatur</span> <span class='ocrx_word' id='word_1_95' title='bbox 1407 2267 1559 2348; x_wconf 77' lang='grc' dir='ltr'><strong><em>βοτὸτννι.</em></strong></span> 
     </span>
     <span class='ocr_line' id='line_1_13' title="bbox 360 2389 1254 2473; baseline -0.002 -17"><span class='ocrx_word' id='word_1_96' title='bbox 360 2389 409 2457; x_wconf 84' lang='lat' dir='ltr'>cf.</span> <span class='ocrx_word' id='word_1_97' title='bbox 433 2389 650 2456; x_wconf 84' lang='lat' dir='ltr'>Herwcrdeni</span> <span class='ocrx_word' id='word_1_98' title='bbox 673 2389 909 2472; x_wconf 86' lang='lat' dir='ltr'>supplementa</span> <span class='ocrx_word' id='word_1_99' title='bbox 931 2389 973 2456; x_wconf 92' lang='lat' dir='ltr'>ad</span> <span class='ocrx_word' id='word_1_100' title='bbox 995 2389 1103 2458; x_wconf 86' lang='lat' dir='ltr'>lexica</span> <span class='ocrx_word' id='word_1_101' title='bbox 1126 2407 1254 2473; x_wconf 85' lang='lat' dir='ltr'>graeca.</span> 
     </span>
    </p>

    <p class='ocr_par' dir='ltr' id='par_1_3' title="bbox 358 2508 1559 3082">
     <span class='ocr_line' id='line_1_14' title="bbox 404 2508 1559 2595; baseline 0.003 -19"><span class='ocrx_word' id='word_1_102' title='bbox 404 2510 607 2578; x_wconf 85' lang='lat' dir='ltr'>Luculenter</span> <span class='ocrx_word' id='word_1_103' title='bbox 636 2512 732 2593; x_wconf 83' lang='lat' dir='ltr'>patet</span> <span class='ocrx_word' id='word_1_104' title='bbox 754 2527 773 2576; x_wconf 93' lang='lat' dir='ltr'>e</span> <span class='ocrx_word' id='word_1_105' title='bbox 797 2510 912 2578; x_wconf 89' lang='lat' dir='ltr'>verbis</span> <span class='ocrx_word' id='word_1_106' title='bbox 932 2508 1156 2595; x_wconf 74' lang='lat' dir='ltr'>Thucydideis</span> <span class='ocrx_word' id='word_1_107' title='bbox 1179 2511 1259 2579; x_wconf 88' lang='lat' dir='ltr'>olim</span> <span class='ocrx_word' id='word_1_108' title='bbox 1282 2511 1473 2595; x_wconf 79' lang='lat' dir='ltr'>Epidauriis</span> <span class='ocrx_word' id='word_1_109' title='bbox 1497 2512 1559 2579; x_wconf 93' lang='lat' dir='ltr'>im·</span> 
     </span>
     <span class='ocr_line' id='line_1_15' title="bbox 359 2632 1559 2717; baseline 0.001 -17"><span class='ocrx_word' id='word_1_110' title='bbox 359 2637 515 2716; x_wconf 88' lang='lat' dir='ltr'>peratum</span> <span class='ocrx_word' id='word_1_111' title='bbox 546 2632 651 2700; x_wconf 87' lang='lat' dir='ltr'>fuisse</span> <span class='ocrx_word' id='word_1_112' title='bbox 680 2636 722 2700; x_wconf 92' lang='lat' dir='ltr'>nt</span> <span class='ocrx_word' id='word_1_113' title='bbox 751 2632 853 2700; x_wconf 82' lang='lat' dir='ltr'>certis</span> <span class='ocrx_word' id='word_1_114' title='bbox 883 2633 1092 2716; x_wconf 80' lang='lat' dir='ltr'>temporibus</span> <span class='ocrx_word' id='word_1_115' title='bbox 1122 2633 1163 2701; x_wconf 89' lang='lat' dir='ltr'>ad</span> <span class='ocrx_word' id='word_1_116' title='bbox 1186 2632 1353 2712; x_wconf 71' lang='grc' dir='ltr'><strong><em>βουθυσίαν</em></strong></span> <span class='ocrx_word' id='word_1_117' title='bbox 1375 2634 1559 2717; x_wconf 87' lang='lat' dir='ltr'>quandam,</span> 
     </span>
     <span class='ocr_line' id='line_1_16' title="bbox 358 2753 1558 2839; baseline 0.002 -19"><span class='ocrx_word' id='word_1_118' title='bbox 358 2771 445 2838; x_wconf 89' lang='lat' dir='ltr'>quae</span> <span class='ocrx_word' id='word_1_119' title='bbox 468 2754 552 2834; x_wconf 81' lang='lat' dir='ltr'>Argi</span> <span class='ocrx_word' id='word_1_120' title='bbox 574 2754 647 2820; x_wconf 86' lang='lat' dir='ltr'>fieri</span> <span class='ocrx_word' id='word_1_121' title='bbox 669 2753 797 2820; x_wconf 85' lang='lat' dir='ltr'>solebat</span> <span class='ocrx_word' id='word_1_122' title='bbox 820 2754 1034 2821; x_wconf 88' lang='lat' dir='ltr'>inhonorem</span> <span class='ocrx_word' id='word_1_123' title='bbox 1053 2755 1220 2836; x_wconf 83' lang='lat' dir='ltr'>Apollinis</span> <span class='ocrx_word' id='word_1_124' title='bbox 1240 2754 1366 2839; x_wconf 85' lang='lat' dir='ltr'>Pythii,</span> <span class='ocrx_word' id='word_1_125' title='bbox 1377 2754 1558 2822; x_wconf 79' lang='lat' dir='ltr'>victimam</span> 
     </span>
     <span class='ocr_line' id='line_1_17' title="bbox 359 2874 1559 2960; baseline 0.001 -18"><span class='ocrx_word' id='word_1_126' title='bbox 359 2877 547 2959; x_wconf 82' lang='lat' dir='ltr'>mitterent,</span> <span class='ocrx_word' id='word_1_127' title='bbox 570 2875 703 2960; x_wconf 89' lang='lat' dir='ltr'>qualem</span> <span class='ocrx_word' id='word_1_128' title='bbox 724 2879 761 2942; x_wconf 89' lang='lat' dir='ltr'>et</span> <span class='ocrx_word' id='word_1_129' title='bbox 783 2874 868 2942; x_wconf 88' lang='lat' dir='ltr'>alias</span> <span class='ocrx_word' id='word_1_130' title='bbox 889 2876 1049 2944; x_wconf 85' lang='lat' dir='ltr'>civitates</span> <span class='ocrx_word' id='word_1_131' title='bbox 1071 2876 1276 2958; x_wconf 79' lang='lat' dir='ltr'>Argivorum</span> <span class='ocrx_word' id='word_1_132' title='bbox 1299 2876 1418 2944; x_wconf 88' lang='lat' dir='ltr'>ditioni</span> <span class='ocrx_word' id='word_1_133' title='bbox 1437 2876 1559 2958; x_wconf 82' lang='lat' dir='ltr'>priscis</span> 
     </span>
     <span class='ocr_line' id='line_1_18' title="bbox 359 2996 1365 3082; baseline 0 -17"><span class='ocrx_word' id='word_1_134' title='bbox 359 2996 425 3065; x_wconf 94' lang='lat' dir='ltr'>illis</span> <span class='ocrx_word' id='word_1_135' title='bbox 447 2999 655 3082; x_wconf 88' lang='lat' dir='ltr'>temporibus</span> <span class='ocrx_word' id='word_1_136' title='bbox 677 2997 831 3065; x_wconf 84' lang='lat' dir='ltr'>subditas</span> <span class='ocrx_word' id='word_1_137' title='bbox 854 2997 988 3066; x_wconf 86' lang='lat' dir='ltr'>misisse</span> <span class='ocrx_word' id='word_1_138' title='bbox 1010 3001 1280 3066; x_wconf 86' lang='lat' dir='ltr'>consentaneum</span> <span class='ocrx_word' id='word_1_139' title='bbox 1301 3002 1365 3066; x_wconf 87' lang='lat' dir='ltr'>est</span> 
     </span>
    </p>
   </div>
   <div class='ocr_carea' id='block_1_3' title="bbox 357 3241 1560 4908">
    <p class='ocr_par' dir='ltr' id='par_1_4' title="bbox 357 3241 1560 4908">
     <span class='ocr_line' id='line_1_19' title="bbox 404 3241 1558 3328; baseline 0.002 -19"><span class='ocrx_word' id='word_1_140' title='bbox 404 3242 447 3309; x_wconf 91' lang='grc' dir='ltr'>Π.</span> <span class='ocrx_word' id='word_1_141' title='bbox 481 3241 671 3308; x_wconf 80' lang='lat' dir='ltr'>Herodotus</span> <span class='ocrx_word' id='word_1_142' title='bbox 698 3241 760 3324; x_wconf 84' lang='lat' dir='ltr'>IX,</span> <span class='ocrx_word' id='word_1_143' title='bbox 785 3243 829 3309; x_wconf 83' lang='lat'>93</span> <span class='ocrx_word' id='word_1_144' title='bbox 852 3243 895 3310; x_wconf 90' lang='lat' dir='ltr'>de</span> <span class='ocrx_word' id='word_1_145' title='bbox 918 3243 1095 3326; x_wconf 89' lang='lat' dir='ltr'>Apollonia</span> <span class='ocrx_word' id='word_1_146' title='bbox 1116 3244 1199 3310; x_wconf 90' lang='lat' dir='ltr'>urbe</span> <span class='ocrx_word' id='word_1_147' title='bbox 1222 3259 1324 3326; x_wconf 88' lang='lat' dir='ltr'>prope</span> <span class='ocrx_word' id='word_1_148' title='bbox 1346 3261 1441 3311; x_wconf 90' lang='lat' dir='ltr'>oram</span> <span class='ocrx_word' id='word_1_149' title='bbox 1464 3243 1558 3328; x_wconf 80' lang='lat' dir='ltr'>Epiri</span> 
     </span>
     <span class='ocr_line' id='line_1_20' title="bbox 359 3360 1557 3448; baseline 0 -18"><span class='ocrx_word' id='word_1_150' title='bbox 359 3363 567 3431; x_wconf 78' lang='lat' dir='ltr'>maritimam</span> <span class='ocrx_word' id='word_1_151' title='bbox 597 3363 665 3430; x_wconf 74' lang='lat' dir='ltr'>sibu</span> <span class='ocrx_word' id='word_1_152' title='bbox 695 3363 776 3430; x_wconf 79' lang='lat' dir='ltr'>haec</span> <span class='ocrx_word' id='word_1_153' title='bbox 806 3364 926 3430; x_wconf 76' lang='lat' dir='ltr'>habel:</span> <span class='ocrx_word' id='word_1_154' title='bbox 952 3360 1017 3428; x_wconf 72' lang='grc' dir='ltr'>ἔστι</span> <span class='ocrx_word' id='word_1_155' title='bbox 1042 3364 1073 3428; x_wconf 69' lang='grc' dir='ltr'>ἐν</span> <span class='ocrx_word' id='word_1_156' title='bbox 1096 3373 1134 3446; x_wconf 67' lang='grc' dir='ltr'>τῇ</span> <span class='ocrx_word' id='word_1_157' title='bbox 1159 3362 1354 3442; x_wconf 62' lang='grc' dir='ltr'><strong><em>Ἀπολλωνίῃ</em></strong></span> <span class='ocrx_word' id='word_1_158' title='bbox 1377 3363 1479 3448; x_wconf 58' lang='grc' dir='ltr'><strong><em>ταύτῃ</em></strong></span> <span class='ocrx_word' id='word_1_159' title='bbox 1504 3364 1557 3444; x_wconf 71' lang='grc' dir='ltr'>ἱροὶ</span> 
     </span>
     <span class='ocr_line' id='line_1_21' title="bbox 357 3482 1557 3567; baseline 0.003 -18"><span class='ocrx_word' id='word_1_160' title='bbox 357 3485 467 3549; x_wconf 64' lang='lat' dir='ltr'>&#39;Halae</span> <span class='ocrx_word' id='word_1_161' title='bbox 498 3482 658 3564; x_wconf 75' lang='grc' dir='ltr'><strong><em>πρόβατον,</em></strong></span> <span class='ocrx_word' id='word_1_162' title='bbox 686 3484 728 3547; x_wconf 71' lang='grc' dir='ltr'>τὸ</span> <span class='ocrx_word' id='word_1_163' title='bbox 752 3482 812 3553; x_wconf 77' lang='grc' dir='ltr'>τοὶς</span> <span class='ocrx_word' id='word_1_164' title='bbox 835 3485 892 3559; x_wconf 75' lang='grc' dir='ltr'>μὲν</span> <span class='ocrx_word' id='word_1_165' title='bbox 915 3484 1029 3566; x_wconf 72' lang='grc' dir='ltr'><strong><em>ἡμέρας</em></strong></span> <span class='ocrx_word' id='word_1_166' title='bbox 1053 3484 1206 3564; x_wconf 76' lang='grc' dir='ltr'><strong><em>βδπποτοοο</em></strong></span> <span class='ocrx_word' id='word_1_167' title='bbox 1232 3486 1321 3567; x_wconf 68' lang='grc' dir='ltr'>παρὰ</span> <span class='ocrx_word' id='word_1_168' title='bbox 1344 3487 1500 3566; x_wconf 75' lang='grc' dir='ltr'><strong><em>ποταμόν,</em></strong></span> <span class='ocrx_word' id='word_1_169' title='bbox 1525 3484 1557 3560; x_wconf 76' lang='grc' dir='ltr'>ὃς</span> 
     </span>
     <span class='ocr_line' id='line_1_22' title="bbox 359 3603 1559 3691; baseline 0.004 -22"><span class='ocrx_word' id='word_1_170' title='bbox 359 3606 394 3670; x_wconf 72' lang='grc' dir='ltr'>ἔνο</span> <span class='ocrx_word' id='word_1_171' title='bbox 424 3607 589 3681; x_wconf 69' lang='grc' dir='ltr'><strong><em>Λάκμονος</em></strong></span> <span class='ocrx_word' id='word_1_172' title='bbox 619 3603 697 3685; x_wconf 75' lang='grc' dir='ltr'><strong><em>ὄρεος</em></strong></span> <span class='ocrx_word' id='word_1_173' title='bbox 728 3604 785 3686; x_wconf 68' lang='grc' dir='ltr'>ῥέει</span> <span class='ocrx_word' id='word_1_174' title='bbox 817 3605 869 3672; x_wconf 71' lang='grc' dir='ltr'>διὰ</span> <span class='ocrx_word' id='word_1_175' title='bbox 892 3613 947 3682; x_wconf 70' lang='grc' dir='ltr'>τῆς</span> <span class='ocrx_word' id='word_1_176' title='bbox 972 3608 1185 3682; x_wconf 71' lang='grc' dir='ltr'><strong><em>Ἀπολλωνίης</em></strong></span> <span class='ocrx_word' id='word_1_177' title='bbox 1210 3609 1311 3691; x_wconf 74' lang='grc' dir='ltr'><em>χώρης</em></span> <span class='ocrx_word' id='word_1_178' title='bbox 1337 3609 1367 3681; x_wconf 73' lang='grc' dir='ltr'>ἐς</span> <span class='ocrx_word' id='word_1_179' title='bbox 1391 3608 1559 3675; x_wconf 72' lang='grc' dir='ltr'>θάλασσαν</span> 
     </span>
     <span class='ocr_line' id='line_1_23' title="bbox 360 3725 1558 3814; baseline 0.007 -22"><span class='ocrx_word' id='word_1_180' title='bbox 360 3726 433 3807; x_wconf 57' lang='grc' dir='ltr'>τοο</span> <span class='ocrx_word' id='word_1_181' title='bbox 460 3725 592 3806; x_wconf 70' lang='lat' dir='ltr'>”apenos</span> <span class='ocrx_word' id='word_1_182' title='bbox 622 3725 735 3804; x_wconf 76' lang='grc' dir='ltr'><strong><em>λνμένμ</em></strong></span> <span class='ocrx_word' id='word_1_183' title='bbox 768 3743 838 3792; x_wconf 82' lang='grc' dir='ltr'><strong><em>κτλ.</em></strong></span> <span class='ocrx_word' id='word_1_184' title='bbox 870 3730 1036 3798; x_wconf 84' lang='lat' dir='ltr'>Fluminis</span> <span class='ocrx_word' id='word_1_185' title='bbox 1066 3731 1107 3797; x_wconf 90' lang='lat' dir='ltr'>de</span> <span class='ocrx_word' id='word_1_186' title='bbox 1130 3749 1196 3814; x_wconf 92' lang='lat' dir='ltr'>quo</span> <span class='ocrx_word' id='word_1_187' title='bbox 1219 3732 1273 3798; x_wconf 91' lang='lat' dir='ltr'>hic</span> <span class='ocrx_word' id='word_1_188' title='bbox 1296 3732 1408 3812; x_wconf 82' lang='lat' dir='ltr'>agitur</span> <span class='ocrx_word' id='word_1_189' title='bbox 1432 3750 1558 3800; x_wconf 91' lang='lat' dir='ltr'>nomen</span> 
     </span>
     <span class='ocr_line' id='line_1_24' title="bbox 359 3848 1559 3936; baseline 0.005 -20"><span class='ocrx_word' id='word_1_190' title='bbox 359 3848 523 3916; x_wconf 83' lang='lat' dir='ltr'>excidisse</span> <span class='ocrx_word' id='word_1_191' title='bbox 553 3849 640 3929; x_wconf 81' lang='lat' dir='ltr'>fugit</span> <span class='ocrx_word' id='word_1_192' title='bbox 669 3849 850 3936; x_wconf 78' lang='lat' dir='ltr'>neminem,</span> <span class='ocrx_word' id='word_1_193' title='bbox 879 3855 920 3918; x_wconf 87' lang='lat' dir='ltr'>ut</span> <span class='ocrx_word' id='word_1_194' title='bbox 942 3852 1067 3934; x_wconf 89' lang='lat' dir='ltr'>opinor.</span> <span class='ocrx_word' id='word_1_195' title='bbox 1092 3852 1179 3919; x_wconf 82' lang='lat' dir='ltr'>Cum</span> <span class='ocrx_word' id='word_1_196' title='bbox 1200 3856 1318 3920; x_wconf 88' lang='lat' dir='ltr'>autem</span> <span class='ocrx_word' id='word_1_197' title='bbox 1340 3854 1431 3935; x_wconf 91' lang='lat' dir='ltr'>apud</span> <span class='ocrx_word' id='word_1_198' title='bbox 1454 3855 1559 3922; x_wconf 80' lang='lat' dir='ltr'>&#39;l’heo-</span> 
     </span>
     <span class='ocr_line' id='line_1_25' title="bbox 359 3970 1558 4056; baseline 0.004 -18"><span class='ocrx_word' id='word_1_199' title='bbox 359 3974 519 4054; x_wconf 86' lang='lat' dir='ltr'>gnostum</span> <span class='ocrx_word' id='word_1_200' title='bbox 538 3970 663 4037; x_wconf 79' lang='lat' dir='ltr'>Canon.</span> <span class='ocrx_word' id='word_1_201' title='bbox 677 3971 741 4036; x_wconf 83' lang='grc'>794</span> <span class='ocrx_word' id='word_1_202' title='bbox 763 3971 925 4045; x_wconf 77' lang='lat' dir='ltr'>(cremori</span> <span class='ocrx_word' id='word_1_203' title='bbox 946 3973 1072 4039; x_wconf 85' lang='lat' dir='ltr'>Anecd.</span> <span class='ocrx_word' id='word_1_204' title='bbox 1094 3975 1199 4041; x_wconf 88' lang='lat' dir='ltr'>Oxon.</span> <span class='ocrx_word' id='word_1_205' title='bbox 1219 3974 1263 4054; x_wconf 87' lang='lat' dir='ltr'>H)</span> <span class='ocrx_word' id='word_1_206' title='bbox 1281 3976 1364 4043; x_wconf 89' lang='lat' dir='ltr'>baec</span> <span class='ocrx_word' id='word_1_207' title='bbox 1381 3976 1558 4056; x_wconf 83' lang='lat' dir='ltr'>legantur:</span> 
     </span>
     <span class='ocr_line' id='line_1_26' title="bbox 362 4089 1559 4177; baseline 0.003 -19"><span class='ocrx_word' id='word_1_208' title='bbox 362 4094 425 4158; x_wconf 70' lang='lat' dir='ltr'>xor</span> <span class='ocrx_word' id='word_1_209' title='bbox 453 4090 550 4164; x_wconf 76' lang='grc' dir='ltr'><strong><em>Χοννὸς</em></strong></span> <span class='ocrx_word' id='word_1_210' title='bbox 582 4089 676 4168; x_wconf 66' lang='lat' dir='ltr'>lucus</span> <span class='ocrx_word' id='word_1_211' title='bbox 706 4097 861 4171; x_wconf 75' lang='grc' dir='ltr'><strong><em>ποταμοῦ,</em></strong></span> <span class='ocrx_word' id='word_1_212' title='bbox 893 4090 928 4169; x_wconf 72' lang='grc' dir='ltr'>ἐξ</span> <span class='ocrx_word' id='word_1_213' title='bbox 958 4089 993 4159; x_wconf 79' lang='grc' dir='ltr'>οὖ</span> <span class='ocrx_word' id='word_1_214' title='bbox 1024 4094 1077 4159; x_wconf 70' lang='grc' dir='ltr'>καὶ</span> <span class='ocrx_word' id='word_1_215' title='bbox 1109 4096 1127 4171; x_wconf 70' lang='lat' dir='ltr'>»l</span> <span class='ocrx_word' id='word_1_216' title='bbox 1154 4096 1299 4176; x_wconf 78' lang='grc' dir='ltr'><strong><em>’Ἢπεορος</em></strong></span> <span class='ocrx_word' id='word_1_217' title='bbox 1332 4096 1445 4175; x_wconf 74' lang='grc' dir='ltr'><strong><em>Χοννίοο,</em></strong></span> <span class='ocrx_word' id='word_1_218' title='bbox 1470 4096 1559 4177; x_wconf 71' lang='grc' dir='ltr'>παρὰ</span> 
     </span>
     <span class='ocr_line' id='line_1_27' title="bbox 360 4211 1559 4301; baseline 0.007 -23"><span class='ocrx_word' id='word_1_219' title='bbox 360 4211 517 4293; x_wconf 75' lang='grc' dir='ltr'><strong><em>Ἠροδοτμ,</em></strong></span> <span class='ocrx_word' id='word_1_220' title='bbox 548 4212 672 4279; x_wconf 84' lang='lat' dir='ltr'>Obonis</span> <span class='ocrx_word' id='word_1_221' title='bbox 702 4231 781 4281; x_wconf 88' lang='lat' dir='ltr'>vero</span> <span class='ocrx_word' id='word_1_222' title='bbox 811 4215 962 4282; x_wconf 86' lang='lat' dir='ltr'>fluminis</span> <span class='ocrx_word' id='word_1_223' title='bbox 992 4233 1115 4282; x_wconf 89' lang='lat' dir='ltr'>nomen</span> <span class='ocrx_word' id='word_1_224' title='bbox 1146 4235 1316 4300; x_wconf 88' lang='lat' dir='ltr'>nusquam</span> <span class='ocrx_word' id='word_1_225' title='bbox 1338 4219 1427 4301; x_wconf 89' lang='lat' dir='ltr'>apud</span> <span class='ocrx_word' id='word_1_226' title='bbox 1453 4219 1559 4287; x_wconf 81' lang='lat' dir='ltr'>Hero</span> 
     </span>
     <span class='ocr_line' id='line_1_28' title="bbox 359 4332 1560 4416; baseline 0.005 -14"><span class='ocrx_word' id='word_1_227' title='bbox 359 4337 478 4402; x_wconf 93' lang='lat' dir='ltr'>dotum</span> <span class='ocrx_word' id='word_1_228' title='bbox 508 4336 710 4416; x_wconf 82' lang='lat' dir='ltr'>compareat,</span> <span class='ocrx_word' id='word_1_229' title='bbox 741 4332 891 4402; x_wconf 85' lang='lat' dir='ltr'>Steinius</span> <span class='ocrx_word' id='word_1_230' title='bbox 921 4337 1008 4404; x_wconf 91' lang='lat' dir='ltr'>hanc</span> <span class='ocrx_word' id='word_1_231' title='bbox 1032 4337 1161 4416; x_wconf 72' lang='grc' dir='ltr'><strong><em>ἀπορίαν</em></strong></span> <span class='ocrx_word' id='word_1_232' title='bbox 1185 4338 1313 4405; x_wconf 88' lang='lat' dir='ltr'>solvere</span> <span class='ocrx_word' id='word_1_233' title='bbox 1335 4344 1481 4407; x_wconf 87' lang='lat' dir='ltr'>conatus</span> <span class='ocrx_word' id='word_1_234' title='bbox 1504 4346 1560 4408; x_wconf 89' lang='lat' dir='ltr'>est</span> 
     </span>
     <span class='ocr_line' id='line_1_29' title="bbox 360 4455 1559 4541; baseline -0.008 -16"><span class='ocrx_word' id='word_1_235' title='bbox 360 4456 585 4525; x_wconf 88' lang='lat' dir='ltr'>rescribendo:</span> <span class='ocrx_word' id='word_1_236' title='bbox 617 4455 704 4535; x_wconf 74' lang='grc' dir='ltr'>παρὰ</span> <span class='ocrx_word' id='word_1_237' title='bbox 736 4459 825 4521; x_wconf 71' lang='grc' dir='ltr'><strong><em>Χῶνα</em></strong></span> <span class='ocrx_word' id='word_1_238' title='bbox 858 4458 1011 4533; x_wconf 77' lang='grc' dir='ltr'><strong><em>τντννμον.</em></strong></span> <span class='ocrx_word' id='word_1_239' title='bbox 1043 4460 1134 4541; x_wconf 81' lang='lat' dir='ltr'>Quae</span> <span class='ocrx_word' id='word_1_240' title='bbox 1157 4462 1351 4528; x_wconf 86' lang='lat' dir='ltr'>coniectura</span> <span class='ocrx_word' id='word_1_241' title='bbox 1372 4462 1452 4528; x_wconf 89' lang='lat' dir='ltr'>licet</span> <span class='ocrx_word' id='word_1_242' title='bbox 1475 4464 1559 4530; x_wconf 92' lang='lat' dir='ltr'>mul.</span> 
     </span>
     <span class='ocr_line' id='line_1_30' title="bbox 359 4579 1559 4665; baseline 0.005 -19"><span class='ocrx_word' id='word_1_243' title='bbox 359 4584 472 4646; x_wconf 88' lang='lat' dir='ltr'>torum</span> <span class='ocrx_word' id='word_1_244' title='bbox 495 4579 614 4644; x_wconf 91' lang='lat' dir='ltr'>horum</span> <span class='ocrx_word' id='word_1_245' title='bbox 637 4597 749 4645; x_wconf 90' lang='lat' dir='ltr'>rerum</span> <span class='ocrx_word' id='word_1_246' title='bbox 771 4580 918 4647; x_wconf 89' lang='lat' dir='ltr'>indicum</span> <span class='ocrx_word' id='word_1_247' title='bbox 938 4598 1118 4647; x_wconf 88' lang='lat' dir='ltr'>assensum</span> <span class='ocrx_word' id='word_1_248' title='bbox 1142 4581 1259 4648; x_wconf 87' lang='lat' dir='ltr'>tulerit</span> <span class='ocrx_word' id='word_1_249' title='bbox 1281 4583 1381 4665; x_wconf 90' lang='lat' dir='ltr'>inque</span> <span class='ocrx_word' id='word_1_250' title='bbox 1405 4585 1559 4652; x_wconf 91' lang='lat' dir='ltr'>ordinem</span> 
     </span>
     <span class='ocr_line' id='line_1_31' title="bbox 360 4698 1560 4786; baseline 0.006 -21"><span class='ocrx_word' id='word_1_251' title='bbox 360 4704 493 4779; x_wconf 88' lang='lat' dir='ltr'>recepta</span> <span class='ocrx_word' id='word_1_252' title='bbox 512 4698 569 4774; x_wconf 87' lang='lat' dir='ltr'>sit,</span> <span class='ocrx_word' id='word_1_253' title='bbox 589 4700 743 4780; x_wconf 89' lang='lat' dir='ltr'>equidem</span> <span class='ocrx_word' id='word_1_254' title='bbox 764 4718 963 4783; x_wconf 82' lang='lat' dir='ltr'>magnopere</span> <span class='ocrx_word' id='word_1_255' title='bbox 983 4718 1099 4768; x_wconf 84' lang='lat' dir='ltr'>vereor</span> <span class='ocrx_word' id='word_1_256' title='bbox 1114 4720 1156 4768; x_wconf 92' lang='lat' dir='ltr'>ne</span> <span class='ocrx_word' id='word_1_257' title='bbox 1168 4704 1252 4769; x_wconf 89' lang='lat' dir='ltr'>falsa</span> <span class='ocrx_word' id='word_1_258' title='bbox 1265 4704 1321 4770; x_wconf 85' lang='lat' dir='ltr'>sit.</span> <span class='ocrx_word' id='word_1_259' title='bbox 1341 4704 1425 4786; x_wconf 79' lang='lat' dir='ltr'>Quid</span> <span class='ocrx_word' id='word_1_260' title='bbox 1438 4708 1560 4772; x_wconf 79' lang='lat' dir='ltr'>enim?</span> 
     </span>
     <span class='ocr_line' id='line_1_32' title="bbox 360 4821 1560 4908; baseline 0.008 -22"><span class='ocrx_word' id='word_1_261' title='bbox 360 4822 512 4902; x_wconf 80' lang='lat' dir='ltr'>Flumen,</span> <span class='ocrx_word' id='word_1_262' title='bbox 544 4821 597 4886; x_wconf 91' lang='lat' dir='ltr'>cui</span> <span class='ocrx_word' id='word_1_263' title='bbox 628 4839 750 4887; x_wconf 91' lang='lat' dir='ltr'>nomen</span> <span class='ocrx_word' id='word_1_264' title='bbox 781 4822 884 4889; x_wconf 84' lang='lat' dir='ltr'>fuerit</span> <span class='ocrx_word' id='word_1_265' title='bbox 915 4823 1007 4889; x_wconf 83' lang='lat' dir='ltr'>Chen</span> <span class='ocrx_word' id='word_1_266' title='bbox 1039 4823 1093 4889; x_wconf 91' lang='lat' dir='ltr'>vel</span> <span class='ocrx_word' id='word_1_267' title='bbox 1124 4823 1248 4903; x_wconf 85' lang='lat' dir='ltr'>Chaon,</span> <span class='ocrx_word' id='word_1_268' title='bbox 1272 4843 1292 4891; x_wconf 88' lang='lat' dir='ltr'>a</span> <span class='ocrx_word' id='word_1_269' title='bbox 1317 4843 1383 4908; x_wconf 92' lang='lat' dir='ltr'>quo</span> <span class='ocrx_word' id='word_1_270' title='bbox 1406 4823 1560 4895; x_wconf 83' lang='lat' dir='ltr'>Obsonia</span> 
     </span>
    </p>
   </div>
   <div class='ocr_carea' id='block_1_4' title="bbox 0 0 1928 6006">
    <p class='ocr_par' dir='ltr' id='par_1_5' title="bbox 0 0 1928 6006">
     <span class='ocr_line' id='line_1_33' title="bbox 0 0 1928 6006; baseline 0 0"><span class='ocrx_word' id='word_1_271' title='bbox 0 0 1928 6006; x_wconf 95' lang='lat' dir='ltr'> </span> 
     </span>
    </p>
   </div>
  </div>
 </body>
</html>
