3848 6006
933 827 1000 894 219

368 1011 455 1079 inter
488 1010 730 1079 annotationes
763 1008 807 1075 ad
842 1026 893 1076 vs.
932 1008 997 1076 118
1030 1013 1067 1077 11
1100 1027 1152 1077 vs.
1191 1011 1256 1078 160
1287 1010 1435 1077 medium
1466 1013 1563 1077 tenet

367 1133 485 1216 locum,
509 1150 576 1217 quo
599 1136 715 1200 lamen
738 1131 808 1199 1111
834 1147 942 1214 neque
969 1131 1104 1200 Proclus
1130 1149 1238 1216 neque
1267 1135 1446 1217 quisquam
1475 1134 1563 1201 alins

367 1254 455 1322 hunc
497 1271 638 1323 versum
679 1270 834 1336 unquam
867 1251 1041 1321 collocavit
1079 1290 1114 1303 -
1155 1255 1276 1322 merito
1310 1255 1492 1337 suspiceris
1527 1255 1562 1322 in

365 1374 549 1460 exemplari
581 1374 754 1443 Pmcliano
788 1391 927 1442 versum
964 1376 1029 1443 169
1063 1374 1168 1445 trisse
1202 1379 1279 1458 post
1317 1377 1390 1442 173.
1426 1375 1562 1443 Etenim

365 1500 522 1581 superest
544 1496 681 1580 quidem
711 1495 819 1564 Pmcli
839 1496 1014 1565 adnotatio
1036 1496 1072 1563 in
1097 1514 1235 1565 versum
1260 1498 1322 1567 171
1347 1497 1407 1565 sed
1430 1501 1563 1565 tacetur

365 1618 401 1686 in
431 1616 567 1686 scholiis
595 1619 671 1686 eius
700 1616 741 1684 de
772 1617 928 1684 versibus
963 1618 1137 1687 171173.
1171 1618 1264 1700 Quod
1287 1618 1462 1686 silentium
1483 1636 1562 1686 oum

365 1741 567 1823 praesertim
596 1739 632 1806 in
656 1739 748 1806 hisce
768 1739 923 1807 versibus
945 1738 1120 1806 insolitum
1140 1739 1293 1807 videatur
1315 1742 1352 1807 et
1374 1739 1562 1807 amoribus

364 1862 562 1944 interpretis
579 1859 806 1944 loquacissimi
821 1859 980 1937 alienum,
995 1861 1185 1942 putaverim
1196 1878 1273 1929 eam
1285 1865 1417 1944 partem
1428 1860 1562 1929 scholio·

365 2001 443 2051 rum
461 1983 569 2051 Procli
587 1999 674 2067 quae
692 1982 895 2065 sequebatur
913 1986 993 2066 post
1011 1998 1149 2050 versum
1171 1983 1232 2050 171
1248 1983 1410 2067 usquead
1422 2001 1560 2051 versum

367 2107 431 2176 171
455 2123 477 2173 1
509 2103 642 2173 librario
665 2104 881 2186 neglegenter
904 2105 1146 2187 transpositam
1170 2121 1245 2173 esse
1268 2105 1310 2173 ad
1334 2123 1387 2173 vs.
1410 2108 1483 2190 158,
1503 2106 1562 2173 sed

365 2227 416 2295 ita
438 2227 683 2309 transpositam
705 2229 747 2293 11
767 2225 869 2294 simul
889 2226 1563 2309 11111111111111111111.111ο1111111

364 2352 420 2417 est
453 2351 495 2417 11
528 2349 645 2417 relicto
679 2351 818 2416 tantum
852 2347 1013 2415 lemmate
1047 2364 1169 2415 versus
1205 2347 1443 2417 17311--169
1474 2348 1563 2432 prior

364 2487 445 2554 pars
474 2486 594 2538 earum
622 2469 883 2537 adnotationum
915 2469 1103 2552 evannerit,
1131 2473 1169 2536 et
1192 2471 1313 2538 statim
1336 2474 1415 2553 poet
1437 2469 1563 2538 lemma

365 2592 412 2660 sit
441 2592 597 2660 additum
619 2591 785 2659 scholium
808 2608 876 2658 non
898 2591 942 2658 ad
964 2592 1056 2658 hunc
1078 2609 1216 2659 versum
1241 2592 1415 2673 pertinens
1438 2592 1497 2660 sed
1520 2593 1563 2660 ad

365 2718 538 2783 extremos
568 2714 654 2781 dnos
683 2713 786 2781 huius
808 2713 949 2796 episodii
973 2729 1102 2799 versus,
1127 2730 1213 2796 quos
1236 2712 1456 2790 ornvaodtm
1481 2713 1564 2781 iudi-

365 2838 504 2903 cassent
526 2834 636 2903 critici
658 2833 876 2918 antiquiores.

411 2956 489 3025 laur
511 2957 611 3026 liceat
633 2957 781 3026 indicare
803 2957 882 3041 quid
905 2957 974 3026 iere
996 2957 1031 3025 in
1054 2957 1146 3026 hisce
1170 2959 1324 3025 versibus
1351 2956 1483 3028 173l=
1498 2960 1562 3024 169

365 3095 472 3163 nsque
500 3078 544 3146 ad
568 3079 633 3148 174
657 3082 854 3147 enarratum
876 3097 951 3148 esse
973 3079 1138 3148 videatur.
1163 3080 1303 3163 Depicta
1326 3080 1399 3146 vita
1422 3079 1562 3147 heroum

366 3201 465 3270 beata
493 3203 595 3284 poeta
629 3236 662 3253 -
691 3201 725 3267 id
747 3201 836 3285 quod
859 3201 988 3285 optime
1011 3202 1184 3285 perspexit
1208 3201 1352 3269 Weilius
1381 3236 1413 3249 -
1441 3201 1562 3270 addere

366 3322 476 3407 pergit
497 3323 665 3407 quaedam
688 3322 729 3391 de
752 3326 845 3391 sorte
868 3322 1026 3391 Saturni:

501 3447 597 3518 τηλοῦ
621 3444 680 3509 ἀπ’
703 3440 882 3510 ἀθανάτων.
906 3451 1014 3510 'roim
1037 3444 1142 3525 Κρόνος
1167 3443 1383 3522 ἐμβασιλεύει.

412 3567 515 3637 Vides
533 3583 573 3635 eo
593 3584 694 3637 versu
712 3567 830 3651 respici
852 3583 991 3634 versum
1012 3567 1086 3633 110.
1110 3567 1160 3634 111
1180 3583 1258 3648 ergo
1278 3566 1345 3633 noli
1364 3566 1471 3648 legere
1483 3583 1562 3634 cum

367 3689 512 3757 Raachio
531 3683 550 3753 i'
567 3687 597 3753 τ’
611 3689 722 3769 οὐρανῷ
744 3687 956 3765 ἐμβασίλευεν
969 3706 1078 3772 proeo
1090 3689 1176 3772 quod
1190 3689 1384 3757 traditurin
1396 3688 1562 3772 plerisque

366 3805 666 3891 1111111111.
690 3810 765 3879 Duo
785 3811 877 3878 enim
896 3809 1034 3878 Saturni
1054 3810 1206 3895 imperia,
1226 3811 1370 3878 caeleste
1391 3827 1511 3893 nempe
1526 3814 1563 3878 11

366 3931 557 4017 elysianum
581 3934 671 4001 inter
690 3949 727 4000 se
746 3933 885 4017 opponit
904 3936 1012 4016 poeta,
1035 3932 1122 4000 alter
1141 3936 1257 4000 autem
1278 3951 1399 4001 versus
1416 3933 1563 4001 alterum

367 4053 515 4122 delendlt
544 4057 578 4122 et
610 4055 653 4122 ab
688 4054 787 4122 exilio
816 4054 980 4136 prohibet.
1013 4055 1083 4122 Nec
1105 4055 1242 4122 mirum.
1264 4054 1312 4122 llo
1335 4055 1426 4121 enim
1450 4055 1563 4123 tendit

368 4177 440 4242 tota
458 4175 668 4257 Theogoniae
687 4179 723 4241 et
742 4176 887 4257 Operum
908 4175 1073 4256 theologia
1090 4179 1131 4242 11
1150 4175 1265 4243 Iovem
1286 4175 1383 4242 nobis
1399 4179 1563 4258 proponat

367 4296 510 4374 iustum,
528 4296 704 4380 pacatique
722 4296 873 4364 universi
884 4301 1049 4365 rectorem
1060 4297 1271 4364 clementem.
1285 4297 1416 4365 Bellum
1428 4298 1562 4380 quidem

367 4417 456 4484 inter
483 4417 623 4484 'l'itanes
647 4415 885 4503 Olympinsque
911 4421 1091 4485 cruentum
1119 4435 1185 4501 qua
1210 4418 1351 4499 dignum
1377 4423 1431 4485 111
1453 4419 1563 4499 gravi·

368 4541 439 4606 tate
459 4542 596 4607 enarrat
608 4542 718 4623 poeta,
730 4538 789 4606 sed
803 4556 921 4621 paoem
932 4538 1022 4606 inter
1034 4538 1139 4617 κρδννν
1151 4542 1188 4606 11
1200 4538 1337 4619 rmum
1350 4539 1561 4608 conciliatam

366 4660 410 4726 ab
428 4661 502 4727 eius
520 4663 675 4743 poemate
693 4661 813 4728 abesse
832 4677 900 4728 non
917 4660 1001 4728 sinit
1020 4661 1162 4729 iustitia
1184 4662 1241 4728 An
1259 4662 1458 4729 Prometheo
1470 4660 1563 4728 salus

367 4785 581 4864 proponetur,
604 4781 729 4849 horridi
751 4781 906 4864 supplicii
928 4782 1033 4882 11111,1
