3848 6006
685 1457 734 1541 ll
763 1458 964 1542 Homerum.

767 1669 879 1707 colmar

674 1817 705 1885 J.
742 1818 972 1886 MEHLER.

725 2045 921 2058 —

271 2199 366 2268 Inter
397 2217 438 2268 ea
466 2217 553 2282 quae
583 2199 619 2267 in
650 2199 912 2281 recognoscendo
940 2199 1048 2268 lexico
1077 2200 1254 2280 homerico,
1277 2219 1299 2269 a
1322 2206 1419 2286 patre

224 2323 398 2401 instituto,
429 2321 546 2389 inveni
576 2338 683 2406 pauca
712 2320 876 2405 quaedam
907 2323 1000 2404 sunt,
1023 2321 1167 2391 fortasse
1190 2340 1258 2391 non
1282 2323 1421 2406 indigna

223 2461 311 2531 qnae
333 2443 407 2521 tibi,
428 2442 618 2511 venerande
640 2442 894 2525 megistanum
912 2441 1137 2529 sollemnidie‚
1150 2462 1280 2512 annum
1292 2446 1418 2512 aetatis

223 2564 468 2646 octogesimum
490 2564 651 2648 explenti,
674 2565 763 2647 grati
784 2564 891 2632 animi
914 2563 1122 2648 significandi
1143 2583 1246 2633 cauea
1268 2566 1417 2634 offeram.

224 2685 314 2754 Sunt
346 2685 427 2754 anni
455 2685 533 2769 plus
562 2685 684 2769 vigimi
715 2702 795 2753 cum
818 2683 1095 2754 adulescentulus
1118 2688 1153 2754 te
1176 2686 1292 2755 audire
1314 2688 1417 2774 coepi,

224 2825 292 2876 non
315 2807 514 2890 ecquidem
535 2807 738 2876 assiduitate
760 2823 864 2890 quam
887 2811 927 2875 tu
951 2825 973 2875 a
994 2807 1062 2875 illio
1084 2809 1184 2876 amici
1207 2809 1259 2877 tui
1282 2827 1418 2894 exspec-

224 2934 361 2998 taveras
392 2965 425 2976 -
457 2946 538 2996 nam
572 2928 646 2996 rita
679 2928 811 2997 liberior
844 2928 880 2996 in
913 2930 996 2997 urbe
1031 2930 1129 3013 plena
1163 2930 1416 3001 iucunditatem

223 3049 401 3120 alumnum
420 3050 590 3118 liinervae
609 3049 652 3116 ad
665 3049 822 3119 colendos
832 3050 913 3118 deos
924 3051 1040 3118 minua
1051 3067 1187 3120 severos
1198 3052 1351 3122 illexerat
1368 3092 1417 3147 -,

224 3173 282 3240 aed
306 3176 421 3240 tamen
441 3187 566 3253 magna
584 3174 664 3239 tuae
682 3170 853 3239 doctrinae
873 3170 1096 3239 admiratione
1113 3176 1150 3240 et
1162 3218 1171 3238 .
1185 3219 1194 3239 .
1208 3221 1216 3238 .
1229 3175 1288 3242 uix
1309 3175 1419 3244 serens

223 3295 330 3362 aciem
363 3293 534 3362 oculorum
565 3297 713 3378 luorum,
744 3310 823 3361 cum
849 3309 893 3361 ex
915 3294 1058 3362 adverso
1080 3295 1257 3364 cathedrae
1279 3301 1360 3365 luae
1382 3300 1418 3366 in

224 3414 381 3484 subsellio
402 3416 445 3482 ad
467 3412 775 3502 „respondendum”
795 3413 1022 3482 consederam.
1041 3414 1105 3483 Sed
1118 3416 1199 3484 haec
1211 3420 1304 3501 prius
1316 3420 1418 3488 ilrere.

226 3539 323 3605 Nunc
341 3541 439 3619 grata
458 3535 619 3603 memoria
637 3535 785 3602 recolens
802 3551 889 3617 quae
900 3553 959 3619 per
970 3536 1226 3618 multosannoa
1239 3540 1418 3610 immemor

226 3657 452 3740 neglegentiae
478 3673 584 3740 meae,
615 3656 698 3723 mihi
720 3655 893 3738 impertire
920 3655 1066 3740 voluisti,
1090 3657 1152 3726 hoo
1175 3663 1413 3731 munusculum

226 3783 266 3848 ut
287 3798 309 3847 a
329 3778 489 3863 discipulo
511 3777 660 3859 accipere
683 3776 830 3858 danerls
853 3782 888 3846 te
911 3795 1001 3861 rogo.

271 3971 302 4028 Ψ
325 3965 391 4031 493
459 3958 573 4040 μηκέτι
598 3964 650 4027 νῦν
672 3966 863 4041 χαλεποῖσιν
886 3959 1075 4039 ὶμιὶβεσθσν
1098 3963 1248 4047 exirem,

465 4079 544 4156 Alae
569 4079 738 4159 Ἰδομενεύς
761 4104 808 4164 τε,
833 4083 966 4163 κσκσῖσ’,
990 4083 1056 4150 Irrel
1081 4085 1147 4152 erili
1172 4085 1260 4156 loono.

270 4208 359 4276 Sunt
381 4205 485 4275 verba
506 4202 656 4287 Achillia¹
676 4203 800 4287 quibua
817 4203 956 4271 Aiacem
976 4208 1013 4273 et
1030 4206 1248 4278 idomeneum
1266 4213 1309 4280 ad
1321 4214 1419 4282 silen-

226 4332 314 4399 tium
335 4327 466 4410 redigit
489 4326 574 4410 Quid
595 4326 667 4394 aiut
688 4322 825 4406 χαλεπὰ
849 4323 930 4391 ἔπεα
952 4326 1061 4396 cuivis
1084 4333 1206 4400 notum
1229 4337 1293 4418 eat,
1317 4354 1421 4420 quare

225 4455 342 4519 autern
364 4448 517 4516 additum
540 4446 588 4514 ait
607 4445 728 4511 κυσί
748 4464 815 4514 non
834 4445 930 4514 facile
941 4449 1162 4531 expediveris.
1176 4454 1291 4538 Neque
1303 4458 1418 4525 minus

225 4577 280 4641 eet
301 4588 422 4639 verum
443 4567 531 4651 quod
552 4567 670 4635 scribit
692 4565 817 4634 Low:
845 4567 918 4656 „rue
935 4571 1079 4654 perideo
1102 4573 1144 4657 es
1161 4578 1282 4643 neaoie'
1304 4581 1336 4646 ia
1358 4598 1421 4648 un·

225 4692 431 4778 camptona
454 4691 561 4757 ilatue
583 4688 687 4770 igitur
706 4705 766 4756 cur
784 4691 898 4757 lotum
915 4706 1054 4759 versum
1073 4711 1151 4762 cum
1171 4697 1305 4783 Heynio
1317 4700 1422 4770 delea-

226 4815 330 4882 mus?
351 4813 426 4882 Non
449 4809 660 4888 credonem
683 4809 883 4878 medicinam
906 4811 988 4878 mihi
1012 4813 1185 4885 invenisse
1208 4821 1332 4903 videor,
1355 4841 1421 4907 qua
