3848 6006
476 1638 526 1719 lle
557 1635 702 1717 luciani
732 1632 906 1717 Sostrate
937 1635 975 1715 ot
1003 1631 1208 1715 Philostrati
1237 1632 1446 1736 lpathiono.

793 2037 838 2103 n.
861 2036 898 2103 o.
922 1982 980 2103 ua
1004 2035 1127 2105 June.

409 2452 604 2519 Sostratum
627 2449 733 2533 illum,
756 2449 853 2517 ouius
875 2450 963 2533 apud
985 2449 1174 2518 Lucianum
1193 2450 1228 2517 in
1248 2451 1323 2518 vita
1341 2450 1556 2518 Demonactis

362 2575 493 2641 mentio
511 2573 552 2639 lit
570 2571 714 2639 eundem
732 2587 816 2653 asse,
837 2571 896 2654 qni
914 2570 1003 2655 apud
1023 2571 1264 2639 Philostratum
1284 2572 1319 2638 in
1341 2572 1414 2640 vita
1430 2572 1558 2656 sophis·

361 2699 477 2764 tarum
511 2712 544 2776 p.
568 2694 634 2760 152
657 2710 730 2776 sqq.
766 2693 969 2774 Agathlonis
998 2694 1135 2761 nomine
1164 2697 1456 2779 commemoratur,
1481 2698 1559 2777 post

364 2816 663 2884 Hemsterhnsinm
682 2831 782 2881 nemo
800 2831 868 2881 non
890 2815 986 2881 vidit.
1005 2815 1215 2882 Fritaschius
1226 2815 1261 2881 in
1274 2815 1559 2882 commentatione

363 2939 406 3005 de
435 2937 587 3004 Sostrate
617 2936 652 3003 in
683 2934 944 3016 Prolegomenon
971 2936 1014 3003 ad
1043 2935 1231 3003 Lucienum
1261 2935 1397 3012 vellii,
1421 2937 1559 3018 partell

363 3060 406 3126 de
429 3061 572 3141 utroque
594 3060 695 3124 acute
717 3060 754 3123 et
776 3057 908 3138 copiose
930 3057 1120 3140 disputavit
1141 3060 1176 3124 et
1200 3074 1243 3124 ex
1267 3057 1321 3135 iis,
1344 3074 1431 3140 quae
1453 3056 1560 3124 Philo

363 3183 497 3249 stratus
529 3182 657 3257 narrat,
676 3182 918 3260 argumentum
948 3178 1112 3263 deperditi
1134 3179 1234 3246 libelli
1256 3180 1297 3246 de
1319 3179 1465 3247 Sostrati
1487 3182 1560 3247 vita

363 3303 527 3385 actisque,
549 3317 650 3384 quem
672 3292 844 3368 Lucienus
861 3299 906 3366 11.
930 3318 967 3367 se
989 3300 1163 3385 scripsisse
1185 3302 1277 3384 dicit,
1297 3302 1502 3383 investigare
1524 3306 1560 3369 et

363 3423 527 3506 reingere
556 3425 701 3490 conatus
730 3425 795 3488 est.
819 3421 912 3504 Quod
935 3438 1014 3489 vero
1037 3421 1240 3489 Philostrato
1262 3423 1363 3490 iidem
1386 3423 1557 3508 maiorem,

363 3562 469 3628 qnam
497 3562 557 3628 par
588 3547 652 3626 est,
676 3544 795 3611 habuit
818 3560 927 3626 neque
949 3544 1035 3611 satis
1057 3544 1229 3627 perspexit
1251 3545 1375 3621 omnia,
1398 3560 1485 3626 quae
1506 3544 1560 3612 ille

364 3667 482 3734 retulit
504 3683 578 3733 esse
600 3665 807 3733 incredibilia
829 3669 865 3732 et
883 3666 1120 3749 superstitiosa
1140 3683 1316 3748 rerumque
1334 3667 1561 3733 humanarum
1632 3685 1637 3693 ·

363 3789 503 3856 modum
526 3804 693 3871 superare,
719 3802 774 3853 me
796 3786 949 3862 adduxit,
973 3790 1023 3869 ut,
1047 3786 1127 3869 quid
1151 3787 1191 3852 de
1213 3787 1276 3855 hoe
1299 3786 1443 3853 Hercule
1465 3789 1559 3865 (nam

364 3908 520 3979 Herculis
554 3907 755 3991 cognomine
789 3911 825 3975 et
859 3907 1035 3976 Sostratus
1068 3911 1105 3974 et
1139 3908 1287 3989 Agathio
1320 3907 1560 3987 celebrabatur)

364 4031 570 4099 censendum
600 4033 637 4097 et
666 4030 708 4096 de
739 4030 913 4111 genuitate
942 4029 1017 4096 libri
1047 4030 1089 4097 de
1119 4031 1193 4096 vita
1223 4029 1439 4096 Demonactis
1469 4032 1561 4095 esset

366 4152 598 4234 statuendum,
628 4152 740 4219 denuo
770 4151 985 4233 inquirerem.
1015 4151 1169 4218 Primum
1198 4150 1307 4217 dicam
1339 4150 1428 4217 unde
1454 4149 1562 4216 Philo·

365 4274 468 4341 strati
503 4273 733 4341 uenationem
766 4271 908 4339 duxisse
942 4272 1147 4340 existimem.
1179 4271 1307 4354 Nempe
1337 4271 1562 4338 Philostratus

365 4395 441 4478 alia,
472 4412 558 4479 qnae
588 4394 689 4461 lando
719 4394 906 4478 audiverat,
937 4394 1013 4470 alia.
1040 4411 1126 4477 quae
1152 4410 1196 4460 ex
1219 4392 1364 4477 scriptis,
1389 4391 1495 4459 veluti
1518 4409 1562 4458 ex

365 4516 537 4598 deperdito
571 4515 626 4583 illo
661 4516 712 4593 de.
736 4515 892 4583 Sostrate
925 4514 1019 4600 libro,
1054 4515 1315 4598 deprompserat,
1351 4514 1386 4580 in
1417 4512 1563 4597 epistula

366 4638 510 4706 Herodis
532 4637 643 4706 Attici
664 4637 707 4704 ad
731 4636 900 4704 Iulianum
926 4636 1094 4720 quendam
1124 4635 1203 4703 data
1229 4633 1356 4719 retulit,
1384 4652 1470 4718 quae
1497 4634 1563 4717 epi·

366 4756 469 4845 stula,
498 4758 529 4826 si
560 4758 675 4825 minus
704 4760 790 4837 tota,
812 4760 851 4824 at
873 4760 963 4824 certe
985 4772 1109 4838 magna
1130 4773 1174 4822 ex
1196 4758 1293 4840 parte
1315 4772 1336 4821 a
1359 4755 1562 4822 Philostrato
