3848 6006
933 852 1000 919 406

359 1033 475 1098 autem
505 1031 716 1115 legationem,
741 1032 838 1099 cuius
862 1033 952 1100 inter
975 1033 1100 1118 Pythia
1122 1035 1204 1101 anni
1227 1052 1248 1100 a
1271 1033 1350 1100 chr.
1373 1051 1408 1102 n.
1433 1033 1502 1102 346
1524 1036 1563 1101 et

359 1169 508 1236 pugnam
539 1152 808 1220 Chaeronensem
838 1155 881 1222 ab
904 1154 1173 1222 Atheniensibus
1196 1156 1239 1222 ad
1263 1155 1457 1238 Philippum
1481 1155 1563 1222 mis·

361 1291 418 1341 sae
449 1275 577 1340 mentio
603 1275 652 1356 iit,
686 1273 934 1343 Demosthenes
960 1277 1057 1343 docet
1080 1275 1135 1361 (de
1159 1276 1232 1343 fals.
1256 1277 1319 1358 leg.
1344 1276 1426 1362 331)
1449 1292 1563 1344 susce

361 1396 451 1478 pisse
475 1394 703 1478 Hegesippum
718 1391 754 1481 ¹).
775 1396 914 1463 Accedit
933 1398 1021 1480 quod
1040 1433 1071 1445 -
1090 1397 1125 1463 in
1144 1397 1286 1478 Argum.
1306 1398 1471 1465 orationis
1488 1387 1563 1476 ’περὶ

364 1515 482 1583 Ἀνινν.
502 1515 523 1580 3
549 1548 581 1564 -
606 1514 768 1583 Libanius
797 1516 886 1584 band
910 1518 1105 1585 dubitanter
1129 1518 1280 1600 perhibet
1303 1520 1346 1587 ab
1369 1519 1565 1602 Hegesippo

362 1636 546 1720 Callippum
578 1637 768 1720 quemdam,
800 1638 913 1722 populi
941 1639 1018 1706 sciti
1041 1640 1082 1705 de
1106 1638 1279 1706 Cardianis
1301 1644 1486 1722 auctorem,
1511 1657 1564 1707 ac-

362 1760 522 1826 cusatum
553 1775 628 1825 esse
658 1756 855 1844 repartum,
887 1778 954 1843 qua
986 1761 1060 1844 ipsa
1092 1777 1127 1826 re
1161 1761 1323 1842 gloriatur
1347 1760 1419 1847 (42)
1443 1764 1566 1829 auctor

363 1880 531 1946 orationis.
565 1879 677 1946 ldinus
700 1880 805 1962 igitur
827 1881 1038 1947 considerate
1062 1880 1184 1949 Belocb
1207 1881 1447 1949 Demosthenis
1470 1883 1566 1948 hunc

363 2004 426 2071 sibi
446 2002 715 2070 accommodasse
735 2020 914 2085 personam
924 2003 1110 2070 contendit.
1130 2004 1222 2086 Quod
1234 2007 1411 2088 propterea
1423 2003 1565 2088 iudicat,

363 2125 521 2209 quoniam
542 2122 773 2191 Halonnesum
790 2124 949 2203 insulam,
962 2125 1154 2207 antiquitus
1172 2125 1446 2210 Atheniensium,
1459 2143 1568 2209 quam

364 2264 385 2314 a
415 2246 534 2328 piratis
568 2249 703 2328 ceperat
737 2245 921 2330 Philippus,
957 2247 1089 2329 illisque
1119 2264 1156 2314 se
1187 2248 1266 2314 dare
1296 2251 1455 2331 paratum
1486 2265 1567 2316 esse

364 2367 506 2448 dixerat,
540 2371 652 2434 orator
687 2370 804 2434 monet
832 2368 925 2435 cives
956 2385 1047 2446 snos,
1080 2385 1148 2434 non
1179 2385 1200 2435 a
1231 2366 1382 2452 Philippo
1413 2370 1568 2452 accipere

365 2487 507 2574 (nadair)
527 2488 585 2555 sed
605 2505 801 2572 recuperare
820 2487 1027 2575 (ἀπολαβεῖν)
1046 2506 1104 2556 eos
1123 2490 1252 2572 debere,
1272 2493 1429 2557 constare
1445 2492 1567 2558 autem

364 2614 481 2677 censet
515 2609 636 2678 Belocb
670 2629 714 2678 ex
750 2612 930 2678 Aeschinis
966 2611 1116 2678 oratione
1147 2615 1265 2678 contra
1296 2610 1445 2695 ctesiph.
1479 2610 1567 2698 (83),

365 2732 448 2799 haec
466 2731 611 2800 iactasse
630 2732 903 2801 Demosthenem.
924 2734 1078 2801 lamvero
1097 2734 1184 2815 quod
1203 2732 1391 2800 Aeschines
1406 2733 1488 2800 dicit
1504 2732 1566 2801 l.l.:

369 2852 618 2941 ῃ[Δημοσθένει]
644 2853 818 2933 inardesce
840 2855 885 2932 μὶν
909 2853 1090 2932 λαμβάνειν
1113 2853 1139 2919 εἰ
1165 2851 1294 2931 δίδωσιν,
1314 2853 1403 2918 ἀλλὰ
1424 2856 1469 2931 μὴ
1490 2855 1569 2920 ἄπν-

366 2975 517 3054 lllacrv,”
547 2976 618 3043 fleri
649 2979 765 3043 tamen
796 2980 909 3060 potest
940 2984 981 3043 ut
1003 2977 1045 3043 ab
1068 2976 1133 3042 alio
1156 2975 1246 3042 dicta
1268 2974 1489 3043 Demostheni
1513 2978 1566 3044 ob·

368 3099 518 3167 truserit.
551 3099 615 3165 Sed
645 3098 736 3165 hunc
766 3099 819 3166 fac
849 3099 985 3176 dixisse,
1016 3099 1104 3181 qnod
1135 3098 1290 3165 credibile
1320 3101 1384 3180 est,
1413 3115 1475 3164 cur
1497 3116 1567 3165 non

367 3221 479 3304 potuit
499 3225 649 3303 repetere
670 3221 908 3305 Hegesippus?
928 3221 1021 3303 Quod
1041 3221 1111 3288 iam
1130 3220 1374 3287 animadvertit
1391 3220 1565 3304 Libanius,

367 3360 467 3425 quem
490 3342 661 3409 immerito
682 3342 802 3409 Belocb
826 3342 955 3409 consilii
978 3343 1112 3426 inopem
1131 3341 1194 3408 hoc
1212 3340 1459 3422 excogitavisse
1479 3339 1566 3407 vult.

368 3463 479 3545 Quid?
511 3481 571 3529 cur
599 3481 666 3530 non
698 3468 883 3546 potuerunt
911 3465 961 3529 eis
984 3464 1122 3530 vocibus
1147 3463 1211 3548 ,ab
1237 3461 1350 3539 δοῦναι,
1374 3459 1566 3527 ἀποδοῦναι’

371 3586 435 3672 „uir
459 3583 584 3662 λαβεῖν,
610 3582 811 3661 arnaudum
835 3588 1011 3667 tamquam
1035 3585 1174 3651 tesseris
1197 3584 1249 3650 uti
1270 3584 1295 3648 oi
1315 3586 1567 3664 μισοφίλιππνιῗ

369 3707 484 3774 Utin
515 3706 656 3790 epistola
686 3707 867 3791 Philippus,
902 3723 1004 3788 quam
1034 3723 1124 3773 anno
1155 3710 1233 3789 post
1263 3705 1420 3772 Athenas
1452 3707 1567 3773 misit:

369 3832 425 3902 rire
448 3833 534 3900 νῆσιν
557 3828 591 3893 cl
614 3827 776 3910 ῥήτορες
803 3826 983 3905 λαμβάνειν
1005 3828 1062 3904 μὲν
1086 3828 1139 3893 οὖν
1162 3825 1240 3906 slav,
1265 3825 1509 3906 ἀπολαμβάνειν
1535 3825 1567 3892 δὲ

370 3949 598 4028 συνεβούλευον.

416 4073 542 4140 Deinde
565 4074 682 4139 autem
706 4072 838 4150 Belocb,
863 4071 1006 4139 orationi
1029 4074 1177 4155 nostrae,
1200 4070 1322 4155 inquit,
1343 4071 1373 4138 si
1395 4071 1479 4138 fides
1501 4075 1568 4155 est,

370 4196 598 4263 Athenienses
628 4198 851 4277 poposcerunt
881 4197 922 4261 ut
953 4193 1126 4276 Philippus
1156 4193 1220 4260 sibi
1252 4193 1406 4259 redderet
1428 4193 1569 4274 Amphi·

370 4318 459 4402 polin
489 4320 524 4384 et
551 4316 755 4391 Potidaeam
786 4315 885 4398 idque
910 4315 1020 4382 tribus
1042 4316 1142 4381 annis
1166 4318 1243 4397 post
1267 4330 1383 4396 pacem
1408 4313 1569 4381 Philocra-

370 4444 473 4517 team‚
507 4438 593 4521 quod
620 4454 757 4521 prorsus
782 4436 973 4503 incredibile
995 4439 1059 4502 est.
1083 4435 1134 4502 At
1156 4436 1196 4502 de
1219 4435 1379 4503 Potidaea
1402 4436 1570 4503 reddenda

374 4591 551 4601 ———--—
562 4591 568 4595 .

405 4685 429 4746 l)
448 4683 519 4749 Quod
536 4688 618 4731 nutem
635 4680 752 4729 Libanius
770 4680 805 4740 (in
823 4680 923 4744 Argum.
939 4695 964 4725 rr.
981 4678 1020 4726 Ἀ.
1035 4679 1106 4742 deq.)
1121 4677 1287 4742 Hegesippum
1301 4676 1382 4742 inquit
1397 4676 1570 4726 Demosthenis

371 4768 396 4816 iu
418 4767 539 4830 legatione
561 4765 681 4828 collegam
705 4764 785 4821 luisse,
811 4763 915 4821 fallitur,
938 4777 995 4809 uam
1019 4778 1031 4809 e
1056 4761 1126 4810 Dcm.
1145 4760 1237 4810 verbis:
1262 4759 1321 4819 „rba
1340 4759 1390 4821 γὰρ
1407 4757 1570 4822 Ἡγήσιππον

372 4850 445 4911 δρᾶτε
463 4846 507 4896 καὶ
523 4848 582 4906 τοὺς
599 4848 658 4908 μετ’
677 4844 756 4895 αι’ντνῦ
774 4845 891 4907 πρέσβεις
912 4847 963 4900 πῶς
983 4839 1104 4909 ἰδίξιινι”
1122 4841 1272 4892 contrarium
1290 4841 1407 4906 sequitur.
