3848 6006
695 1484 746 1567 lle
775 1483 907 1587 l’ybtlle
936 1483 1105 1583 bipartito
1136 1483 1243 1565 nobs.

734 1845 779 1912 A.
802 1843 840 1911 ll.
865 1843 896 1911 J.
921 1841 1190 1911 HOLWERDA.

410 2237 576 2324 Pythlnde
606 2239 679 2322 28⁸,
708 2255 776 2323 quo
798 2237 1033 2323 'i'braeydaeus
1056 2237 1236 2305 Thebanus
1257 2237 1294 2306 ln
1317 2236 1451 2321 Pythiis
1474 2235 1558 2303 vicit

364 2361 475 2429 stadio
504 2379 694 2446 puerorum,
726 2360 801 2429 sine
829 2360 929 2428 <lubio
954 2360 1141 2428 oenamino
1169 2360 1327 2445 gymnica
1358 2359 1558 2444 Pythiomm

364 2501 432 2552 non
455 2482 592 2567 Delphis
614 2482 698 2567 ipsis
718 2483 906 2565 agebantur
927 2482 985 2549 sed
1009 2481 1044 2548 in
1069 2480 1208 2565 planitie
1230 2481 1374 2558 Cirrhae,
1393 2481 1557 2563 adquam

364 2604 509 2690 Delphis,
528 2621 665 2688 -quae
687 2604 770 2672 urbs
791 2604 827 2671 in
846 2604 928 2672 loois
947 2604 1137 2672 montuosis
1155 2604 1223 2671 sita
1241 2603 1272 2670 ei
1291 2603 1501 2679 imminebat,
1519 2637 1551 2650 -

364 2727 563 2796 deseendare
580 2726 757 2803 debebant,
778 2725 835 2809 qui
855 2725 939 2793 inire
957 2726 1039 2792 haeo
1049 2725 1234 2793 certamina
1246 2723 1380 2792 vellant.
1393 2723 1559 2791 Pindarus

365 2850 457 2920 euim
487 2850 523 2919 in
555 2848 680 2934 Pythia
710 2847 788 2927 XF,
819 2864 921 2931 quam
951 2847 993 2915 ad
1017 2847 1104 2914 hano
1126 2846 1303 2913 victoriam
1326 2844 1558 2913 celebrandam

365 2973 487 3042 cecinit
498 2968 537 3058 1),
557 2988 701 3056 puerum
718 2969 809 3036 huno
827 2965 1043 3048 evalrolplpn
1061 2968 1182 3036 vicisse
1196 2968 1279 3035 dicit
1289 2967 1324 3033 in
1338 2966 1433 3044 ipen
1447 2967 1558 3045 Κίρρας

365 3095 413 3180 (v.
435 3094 489 3174 12)
507 3110 547 3161 ao
564 3091 712 3160 athletas
730 3092 879 3158 certasse
897 3088 1031 3155 ὠκύτατι
1044 3087 1198 3154 livione)
1210 3087 1334 3154 στάδιον
1347 3085 1558 3166 καταβάντας

364 3217 413 3300 (v.
448 3212 518 3300 49).
560 3213 655 3281 Idem
690 3211 900 3294 significatur
934 3212 970 3278 in
1006 3210 1129 3296 Pythia
1163 3211 1226 3277 huo
1256 3210 1324 3277 XI·
1359 3209 1557 3293 antiquiore,

367 3338 419 3404 X·
448 3337 485 3402 in
508 3336 669 3402 bonorem
692 3331 893 3417 Hippooleaa
915 3333 972 3416 qui
995 3331 1160 3417 Pytbiade
1180 3335 1223 3400 22
1243 3349 1327 3415 puer
1343 3330 1558 3408 vioitdiaulo‚

365 3459 424 3526 ubi
441 3458 544 3526 verbs
562 3454 762 3535 βαθυλείμων
782 3451 840 3519 riri
861 3452 970 3534 Κίρρας
983 3451 1070 3531 ἄγαν
1082 3452 1197 3532 rium
1209 3452 1420 3534 κρατησίποδα
1434 3442 1560 3533 Φρικίαν

366 3586 415 3662 (v.
448 3580 503 3656 llll
533 3579 624 3646 reete
651 3576 766 3645 Obriat
787 3576 836 3644 sio
857 3577 1102 3660 interpretatur
1124 3580 1164 3644 nt
1186 3576 1336 3644 Phrloias
1362 3575 1560 3660 Hippoaleae

367 3707 465 3788 pater
486 3702 610 3769 vicisse
631 3697 764 3766 (linatur
787 3716 888 3766 cursu
907 3701 1040 3766 armato
1058 3699 1094 3767 in
1114 3699 1255 3766 herbosa
1273 3697 1410 3766 Cirrhae
1422 3697 1561 3781 planitie

367 3839 454 3905 quse
496 3821 572 3905 rupi
613 3822 649 3900 (i.
688 3838 719 3888 e.
753 3819 881 3903 cirpbi)
915 3821 1109 3905 subjacebat
1120 3817 1158 3900 ¹).
1193 3819 1322 3888 Notum
1356 3812 1473 3887 tamen
1508 3823 1562 3887 est

368 3942 608 4026 posterioribus
648 3942 859 4026 temporibus
896 3941 931 4009 in
965 3942 1118 4025 proxima
1151 3941 1276 4009 vicinia
1310 3940 1459 4024 Delphici
1492 3941 1562 4009 iani

369 4063 544 4131 exstitisse
574 4063 724 4131 stadium
754 4062 790 4130 in
820 4062 892 4130 loeo
921 4062 979 4146 qui
1006 4079 1097 4130 nuno
1127 4062 1289 4130 Lacaoma
1317 4061 1450 4141 (licitur,
1474 4062 1562 4146 quod

369 4185 519 4253 stadium
546 4186 619 4271 Jam
641 4185 699 4253 <lin
723 4185 744 4253 a
766 4183 918 4270 pluribus
940 4185 1125 4252 viatoribus
1148 4184 1423 4252 animadversum
1448 4187 1565 4252 nostra

407 4450 430 4512 l)
456 4448 511 4499 Non
537 4453 648 4515 epeetere
669 4447 734 4498 bene
754 4445 871 4514 Pythiam
893 4445 925 4496 el
947 4443 1076 4496 viatorium
1097 4463 1112 4495 e
1134 4445 1290 4512 l'hreeyrleeo
1313 4443 1339 4495 in
1357 4443 1465 4495 virorum
1480 4441 1565 4494 dianio

370 4536 519 4598 κροηαιαι
542 4529 664 4598 syrti-se
680 4529 726 4580 8⁸⁸
742 4529 804 4580 eatis
817 4528 913 4580 nitimur
927 4535 1051 4588 mortem
1066 4527 1122 4579 eide
1135 4526 1237 4578 Obrietil
1252 4527 1277 4578 in
1291 4525 1393 4578 Pindari
1408 4525 1516 4577 editione
1533 4523 1565 4574 ei

370 4612 486 4680 moon
501 4613 565 4665 hue
580 4611 740 4680 prooemium.

405 4696 487 4759 mie
507 4696 589 4748 leena
610 4695 664 4761 jun
685 4694 840 4746 intellexerat
862 4699 892 4746 Δ.
917 4694 1055 4745 Mommsen
1077 4692 1202 4760 Delphike
1222 4708 1247 4759 p.
1265 4692 1314 4742 202
1327 4694 1361 4757 ⁸).
1385 4691 1459 4742 lieete
1483 4689 1567 4741 Christ

371 4775 527 4842 βαίνλαίμαν
540 4794 586 4847 pre
599 4777 751 4830 minetive
766 4777 850 4840 hebet,
862 4793 912 4829 nen
926 4776 1075 4837 mutire,
1083 4779 1112 4826 nt
1120 4775 1216 4840 rejieiet
1223 4775 1384 4842 interpretum
1393 4771 1567 4837 munim.
