3848 6006
928 824 992 893 162

362 1019 477 1085 metus
514 1013 670 1100 consulis,
706 1031 750 1081 ne
783 1011 911 1081 tribuni
946 1027 984 1080 se
1016 1028 1061 1079 ex
1094 1010 1178 1078 urbs
1210 1009 1374 1094 proticisci
1409 1009 1561 1079 vetent?

406 1137 507 1204 Anno
530 1137 597 1204 453
620 1135 884 1204 reclamantibus
906 1134 1035 1201 itustra
1056 1131 1205 1201 tribunis
1222 1131 1378 1201 consules
1396 1131 1561 1200 ddectum

360 1261 526 1342 peragunt
548 1259 627 1324 heti
650 1257 829 1325 voluntate
851 1255 978 1323 civium
1001 1253 1091 1336 (Liv.
1113 1254 1147 1332 3,
1160 1252 1216 1332 25,
1227 1255 1260 1321 9.
1285 1255 1340 1332 26,
1355 1254 1400 1339 1).

406 1380 508 1447 Anno
537 1379 603 1449 437
635 1378 763 1446 tribuni
789 1377 950 1445 dilectum
972 1377 1045 1445 ilari
1068 1376 1161 1460 passi
1182 1380 1267 1444 sunt
1288 1393 1330 1445 ea
1351 1375 1562 1455 condicione,

359 1506 399 1570 ιιι
430 1502 467 1568 X
496 1501 624 1569 tribuni
653 1501 772 1568 deinde
797 1503 1002 1568 crearentur.
1026 1498 1145 1566 livius
1166 1497 1284 1566 auxilii
1304 1514 1424 1567 vocem
1445 1498 1563 1566 denuo
1671 1543 1677 1556 ·

359 1641 535 1707 perperam
564 1622 701 1690 adhibet
724 1622 772 1702 (3,
791 1622 846 1706 30,
870 1622 891 1688 3
911 1621 1008 1707 aqq.),
1033 1621 1092 1689 sed
1116 1621 1219 1689 verba
1241 1619 1394 1706 Dionysii
1418 1619 1489 1707 (10,
1503 1621 1562 1687 26.

362 1747 416 1812 28.
436 1744 494 1823 30)
512 1743 641 1812 nullam
658 1744 905 1812 dubitationem
924 1742 1135 1828 relinquunt:
1221 1740 1293 1809 orire
1311 1747 1371 1808 siv
1385 1741 1563 1826 suffra.-

361 1875 564 1947 συγχωρῆσαι
594 1863 790 1945 &vacutaas
820 1868 876 1941 τὴν
906 1867 1120 1947 καταγραφὴν
1148 1863 1216 1931 nl
1243 1865 1313 1939 sisu
1339 1861 1477 1944 Ιξοὶοι
1499 1872 1563 1942 τῆς

362 1992 512 2068 στρατιᾶς
535 1984 698 2067 γενέσθαι.

404 2111 444 2178 In
475 2110 750 2178 contentionibus
778 2109 860 2176 anni
892 2109 959 2176 435
982 2110 1026 2177 ah
1048 2113 1192 2193 utraque
1214 2112 1311 2192 parte
1333 2108 1407 2178 vim
1428 2110 1562 2179 actam

359 2248 436 2300 ease
456 2237 572 2301 narrat
590 2231 774 2316 Dionysius
791 2232 860 2314 (10,
874 2231 927 2298 33.
949 2231 1005 2297 34.
1025 2231 1081 2298 35.
1101 2231 1156 2298 43.
1177 2231 1220 2298 48
1236 2237 1332 2331 equi.
1351 2231 1455 2300 Nihili
1472 2236 1563 2301 sunt

362 2354 464 2423 rerba
495 2354 707 2421 tribunorum
738 2353 942 2422 dicentium:
972 2353 1037 2423 sibi
1067 2353 1147 2422 solis
1176 2353 1233 2421 ius
1258 2369 1335 2422 esse
1360 2354 1563 2423 mallones

360 2476 538 2561 tribuendi,
566 2477 694 2560 pariter
715 2493 755 2544 ac
777 2476 972 2544 consulum:
996 2475 1142 2543 tribunis
1165 2478 1304 2544 mutum
1325 2476 1442 2545 auxilii
1463 2476 1562 2545 latio·

362 2615 441 2666 nem
470 2615 564 2681 esse;
596 2599 662 2665 nisi
692 2598 779 2681 quod
806 2598 885 2666 hinc
907 2602 1047 2682 apparet
1069 2599 1112 2666 de
1134 2598 1261 2667 anxilio
1284 2597 1464 2667 tribunicio
1485 2597 1562 2667 loco

361 2723 479 2788 nostro
514 2738 582 2788 non
616 2721 681 2802 agi.
716 2720 856 2788 Tribuni
886 2738 907 2788 a
936 2720 1132 2789 oonsulibus
1161 2722 1197 2788 vi
1227 2719 1352 2804 repulsi
1381 2739 1405 2789 a
1433 2725 1562 2789 senatu

361 2844 486 2925 petunt
519 2844 561 2908 nt
593 2830 749 2910 consules
779 2841 900 2909 indicio
929 2842 1036 2926 plebis
1065 2858 1103 2911 se
1133 2842 1284 2910 subicere
1314 2842 1440 2925 iubeat,
1467 2842 1560 2926 quod

361 2968 611 3031 sacrosanctam
628 2966 835 3047 potestatem
853 2963 1056 3046 violassent;
1076 2963 1110 3031 id
1128 2963 1217 3048 quod
1230 2967 1373 3033 moetus
1386 2981 1449 3032 suo
1463 2981 1562 3033 more

361 3102 428 3152 non
459 3085 640 3167 permittit.
670 3085 820 3164 Tribuni,
849 3102 929 3152 cum
957 3084 1015 3152 alii
1045 3085 1236 3171 suaderent
1264 3088 1306 3153 nt
1331 3084 1560 3155 secessionem

361 3206 520 3289 iacerent,
544 3207 610 3292 alii,
633 3210 674 3274 ut
696 3207 851 3275 consules
872 3207 914 3274 de
935 3223 1018 3291 rupe
1040 3207 1220 3284 deicerent,
1243 3207 1311 3286 elii,
1334 3207 1430 3275 utin
1449 3212 1561 3278 secta·

361 3332 454 3398 tores
483 3328 659 3397 consulum
683 3328 866 3411 merhout,
889 3328 972 3395 nihil
994 3328 1140 3411 faciunt;
1163 3329 1245 3413 quin
1268 3330 1372 3397 etiam
1394 3328 1492 3397 litem
1516 3329 1561 3399 de

360 3451 471 3520 multa
500 3451 655 3535 precibus
685 3451 857 3519 seniorum
888 3451 1049 3519 commoti
1078 3451 1264 3535 omittunt;
1288 3451 1433 3535 denique
1453 3451 1560 3536 patri·

361 3573 489 3641 ciorum
518 3572 763 3658 nonnullorum,
788 3573 847 3657 qui
869 3574 1043 3641 contiones
1066 3573 1171 3658 piebis
1192 3573 1445 3658 perturbabant,
1468 3574 1560 3644 bona

361 3698 569 3764 consecrant.
600 3694 648 3762 De
677 3694 955 3778 appellationibus
984 3696 1110 3763 civium
1134 3699 1207 3764 tam
1231 3695 1345 3764 nullus
1367 3712 1479 3765 sermo
1501 3701 1560 3766 est

361 3820 402 3885 ut
430 3817 558 3884 interea
584 3816 677 3884 cives
698 3852 731 3862 -
751 3833 893 3899 qnorum
916 3833 1066 3884 amorem
1089 3817 1220 3901 patriae
1240 3820 1383 3886 senatus
1405 3818 1561 3903 implora·

361 3941 459 4006 verat
479 3972 511 3986 -
534 3955 598 4005 sua
616 3942 737 4021 sponte
756 3939 894 4006 nomina
912 3938 995 4006 dent
1008 3942 1045 4007 et
1058 3940 1200 4008 dilectus
1214 3940 1380 4009 habeatur
1394 3938 1561 4023 neglectis

361 4059 576 4128 tribunorum
609 4059 913 4128 reclamationibus.
948 4061 1050 4129 Anno
1081 4061 1238 4145 sequenti
1267 4066 1411 4147 uterque
1439 4063 1561 4131 consul

360 4185 540 4249 accusatur
569 4184 606 4249 et
635 4181 818 4249 damnatur
847 4181 902 4268 (ci.
926 4182 999 4249 Liv.
1022 4183 1055 4268 3,
1080 4184 1135 4268 31,
1161 4183 1274 4270 2-6),
1306 4186 1485 4253 nectamen
1516 4185 1561 4253 de

361 4304 485 4371 dilectu
518 4320 626 4387 neque
652 4303 693 4371 de
715 4306 885 4386 potestate
908 4308 1124 4374 sacrosancta
1146 4305 1272 4374 violata
1295 4304 1337 4373 lis
1359 4309 1414 4375 est
1435 4305 1495 4374 sed
1516 4306 1560 4375 de

361 4427 462 4493 rebus
484 4443 506 4493 a
528 4425 720 4493 consulibus
743 4424 827 4493 hello
852 4427 939 4493 male
961 4428 1079 4507 gestis.

407 4547 509 4614 Anno
540 4548 607 4615 446
637 4547 818 4615 Canuleius
847 4548 1064 4616 denuntiavit
1094 4548 1421 4634 ‹Liv.4‚1‚e;ci.
1448 4551 1558 4628 133

363 4667 419 4745 30,
435 4667 489 4751 lh)
509 4685 546 4735 se
564 4667 725 4736 dilectum
745 4668 995 4753 impediturum,
1016 4669 1104 4753 quod
1123 4669 1232 4738 iacere
1251 4688 1319 4739 non
1339 4671 1510 4755 potuisset
1529 4675 1561 4742 si

362 4788 620 4871 appellationem
653 4790 739 4857 civis
771 4794 951 4874 expectare
980 4791 1172 4876 debuisset3
1195 4796 1374 4862 nectamen
1399 4793 1475 4862 sine
1498 4795 1562 4864 tali
