3848 6006
597 1482 647 1567 Id
677 1484 825 1568 otonem
855 1483 1064 1568 Prusaeuro.

775 1726 886 1764 mmm·

540 1906 583 1972 H.
618 1905 729 1972 VAN
760 1905 1119 1973 HERWERDEN.

279 2291 381 2358 Anno
411 2289 451 2357 D.
482 2288 568 2357 1849
598 2292 819 2375 posteaquam
842 2290 959 2358 XVIII
981 2307 1089 2358 annos
1112 2294 1214 2358 natus
1236 2289 1427 2357 studIorum

231 2431 336 2482 causa
354 2431 410 2481 me
428 2413 557 2481 contuli
575 2412 723 2490 Leidem,
744 2413 803 2480 ubi
823 2415 907 2482 tunc
918 2414 953 2481 in
974 2414 1099 2481 fitteris
1118 2412 1250 2480 Latinis
1265 2413 1427 2494 regnabat

231 2537 303 2603 iam
322 2537 432 2603 senior
451 2535 555 2615 Bake,
574 2536 610 2602 in
628 2535 765 2604 GraeoIs
784 2552 864 2604 vero
875 2535 998 2603 florens
1008 2538 1123 2603 aetate
1134 2538 1171 2603 et
1182 2535 1290 2617 plenis
1302 2535 1429 2602 summi

231 2658 359 2739 ingenii
390 2657 519 2725 votous
549 2656 663 2735 cobet,
694 2675 775 2725 mox
805 2657 917 2725 socius
945 2657 1138 2741 adscriptus
1165 2674 1243 2724 sum
1274 2656 1429 2724 sodalitio

232 2779 436 2865 philologioo,
468 2781 522 2848 cui
553 2798 621 2848 non
653 2784 781 2848 temere
810 2797 933 2848 nomen
956 2782 1030 2848 erat
1053 2778 1181 2847 Studiis
1205 2784 1235 2846 et
1255 2780 1428 2848 amicitiae.

232 2901 370 2970 Etenim
400 2903 505 2970 etatis
535 2902 652 2970 diebus
681 2905 716 2970 in
746 2903 956 2985 singulorum
986 2903 1254 2972 commilitonum
1277 2903 1429 2971 cubicula

233 3022 299 3089 sub
328 3040 505 3107 vesperam
530 3029 790 3106 congregantes,
820 3027 976 3107 gnaviter
998 3026 1104 3094 verite
1131 3025 1429 3094 exercitationibus

233 3144 407 3213 IItterariis
436 3147 589 3230 occupati
620 3146 750 3214 Studiis
772 3148 1050 3216 incumbebamus
1072 3148 1114 3214 ed
1138 3148 1255 3216 horam
1279 3148 1348 3215 iere
1371 3166 1429 3215 nn·

234 3267 400 3336 decimam
430 3269 716 3347 duodecimam,
746 3271 805 3337 sed
835 3270 924 3338 haud
955 3272 1070 3338 minus
1100 3271 1241 3354 impigre
1270 3307 1302 3318 -
1332 3275 1430 3338 erant

234 3390 295 3474 qui
324 3390 406 3474 proh
437 3391 560 3473 pudori
591 3392 653 3459 has
683 3391 821 3459 demum
850 3394 957 3460 aerios
979 3395 1216 3474 nuncuparent
1238 3391 1429 3459 studiorum

235 3515 427 3580 nostrorum
457 3516 571 3596 partes
604 3549 639 3561 -
667 3512 923 3594 indulgebamus
952 3516 1128 3583 Amicitiae
1158 3515 1253 3581 -in
1284 3515 1429 3583 multam

235 3637 371 3702 noctem
393 3633 497 3702 hilare
519 3636 695 3703 trahentes
713 3636 919 3714 convivIum
938 3637 1037 3705 inItio
1055 3637 1191 3720 quidem
1210 3639 1318 3721 prisco
1339 3656 1430 3706 more

236 3758 394 3839 potantes
423 3756 618 3824 ctocototom
647 3794 682 3806 -
709 3757 751 3825 Di
780 3757 940 3841 perduint
970 3757 1148 3826 scelestam
1172 3759 1351 3844 potionem,
1375 3760 1430 3826 cui

236 3878 381 3946 fortasse
411 3878 512 3946 debeo
542 3880 830 3963 stomachalgiam,
855 3898 920 3962 qua
944 3879 1127 3948 identidem
1150 3881 1278 3949 laborer
1308 3917 1340 3930 -
1370 3882 1429 3948 sed

237 4018 318 4067 mox
341 4000 462 4068 Catoni
485 4002 543 4069 nni
567 4002 708 4069 alterive
731 4002 846 4070 relicta
866 4002 943 4081 ista,
963 4003 1213 4070 substituentes
1231 4019 1430 4085 generosum

237 4138 383 4189 uvarum
413 4122 583 4209 liquorem,
615 4142 682 4208 quo
713 4124 883 4191 interdum
907 4124 1091 4203 (interdum
1115 4124 1200 4206 dieo)
1223 4143 1285 4192 nos
1307 4126 1431 4194 abusos

237 4259 312 4311 esse
335 4246 556 4328 quantumvis
574 4245 723 4313 invitum
746 4245 896 4313 confiteri
916 4263 971 4313 me
990 4245 1083 4312 iubet
1103 4246 1241 4313 veritas.
1265 4246 1429 4331 Quidquid

237 4368 309 4443 est,
339 4365 462 4433 eximie
496 4365 746 4434 delectabamur
779 4370 1029 4450 compotantes,
1060 4369 1239 4434 cantantes
1253 4363 1290 4452 ¹),
1318 4368 1354 4434 in
1377 4368 1431 4437 hIs

238 4481 364 4564 ἄμουσα
386 4487 523 4570 quidam
547 4486 928 4572 transtorrentem
946 4505 1008 4570 ego
1026 4488 1122 4556 facile
1141 4489 1306 4574 princepe,
1326 4490 1431 4559 iocan-

273 4716 299 4780 I)
319 4715 479 4768 Praesentem
496 4715 701 4768 desideratissimo
717 4716 796 4767 amico
812 4732 867 4767 meo
883 4715 1016 4782 I'jallingio
1032 4714 1200 4776 notamina,
1216 4715 1258 4781 qni
1275 4721 1360 4782 postea
1377 4731 1432 4767 oon·

240 4799 334 4851 asendit
349 4804 375 4851 at
390 4799 489 4851 ornarit
504 4800 647 4851 cathedram
663 4800 803 4852 litterarum
819 4798 968 4850 Graecarum
985 4798 1011 4849 in
1028 4797 1194 4849 botrano-te
1211 4797 1376 4864 Groningana.
