4144 6154
951 927 1018 995 425

437 1111 603 1187 Ἀέιρναῖινν
634 1112 667 1178 tl
698 1111 875 1193 στρατηγὸς
898 1112 956 1188 μέν
979 1111 1165 1183 Κάλλιππος
1189 1107 1223 1186 ἦν
1249 1159 1369 1178 ......
1393 1109 1524 1187 δύναμις
1549 1109 1581 1176 δέ

392 1235 517 1316 τριάρεις
541 1242 600 1299 ΤΘ
614 1232 640 1318 ¹)
662 1234 795 1310 πλάιμοι
819 1239 933 1315 τάσαι,
957 1235 1149 1301 πεντακόσιοι
1171 1234 1203 1299 tl
1222 1235 1251 1307 ές
1272 1233 1308 1299 τέ
1327 1231 1463 1311 ῖππιιιέν,
1483 1234 1580 1316 χέλιοι

392 1357 424 1423 tl
449 1357 615 1424 ἐτάσσοντο
639 1357 669 1422 έν
692 1365 755 1429 τοῖς
779 1356 899 1440 πεζοῖς·

437 1498 503 1564 quc
524 1480 593 1548 loco
616 1482 769 1548 emulum
791 1485 874 1565 quot
895 1482 1001 1548 sciam
1022 1481 1190 1549 editorum
1214 1481 1434 1563 sagacitatem
1457 1480 1583 1562 fugisse

393 1601 527 1669 udatur
549 1603 702 1670 voculam
724 1626 760 1668 τε
782 1607 860 1686 post
879 1603 1004 1683 casulam
1024 1621 1161 1686 prorsus
1180 1604 1324 1670 otiosam
1342 1619 1417 1670 esse
1436 1619 1498 1670 nec
1516 1603 1583 1671 ullo

394 1724 491 1791 modo
521 1724 654 1792 defendi
675 1743 784 1808 posse.
808 1726 966 1794 Rescribe
988 1727 1054 1792 sis:
1078 1725 1203 1805 τριήρεις
1228 1738 1262 1792 i?
1280 1726 1344 1792 i.e.
1369 1725 1583 1790 πεντεκαί-

392 1842 504 1908 δεκα.
526 1843 675 1912 Librario
698 1862 819 1928 parum
837 1847 900 1914 hcc
917 1847 1032 1928 agenti
1049 1865 1152 1930 quam
1170 1847 1265 1914 facile
1283 1846 1431 1913 accidere
1450 1851 1585 1929 poterat

393 1969 434 2032 ut
455 1978 489 2031 π
511 1983 589 2032 cum
611 1989 648 2030 τε
670 1967 904 2035 continuerat!
929 1967 1085 2035 Ceterum
1109 1967 1218 2036 multa
1243 1967 1277 2035 in
1299 1967 1425 2036 talibus
1448 1970 1584 2036 circum·

393 2088 563 2171 spicienda
595 2105 670 2156 esse
704 2090 801 2156 docet
834 2090 987 2158 Odoiiedi
1015 2089 1164 2158 Muelleri
1192 2091 1234 2158 de
1264 2093 1378 2158 aetate
1407 2091 1585 2173 sculpturis

395 2210 523 2278 Onatae
553 2226 644 2277 error
674 2211 888 2279 manifestus.
920 2211 1054 2279 Scilicet
1083 2213 1285 2279 Pausnnmc
1312 2211 1353 2277 L.
1378 2212 1458 2280 VIII
1487 2232 1516 2279 c.
1541 2213 1584 2279 42

395 2329 455 2415 §7
487 2331 579 2399 codd.
610 2330 738 2399 habent
767 2332 904 2400 hoecce:
935 2332 961 2418 (l
990 2331 1144 2414 Ὀνάτας)
1174 2333 1296 2407 ircim
1323 2337 1466 2414 χαλκοῦν
1489 2342 1585 2412 Φιγα-

395 2454 499 2516 λεῦσιν
523 2449 676 2531 ἄγαλμα,
700 2460 868 2530 γενεαῖς
891 2451 1037 2530 μάλιστα
1060 2448 1182 2534 ὕστιρον
1206 2459 1261 2527 τοῖς
1285 2453 1336 2518 lxi
1360 2454 1416 2528 τῖον
1440 2452 1585 2519 Ἐλλάδα

373 2557 613 2654 ’ἐπιστρατείας
645 2578 700 2640 τοῦ
730 2573 849 2648 Μήδου.
880 2575 1059 2644 Muellerus
1088 2577 1129 2644 de
1157 2579 1230 2644 arte
1260 2576 1502 2660 Αοοῖιοοέῖοομ
1532 2576 1587 2654 12,

395 2712 497 2777 quem
516 2698 642 2764 temere
661 2699 815 2781 sequitur
833 2698 940 2782 Spita,
959 2699 1147 2765 rationibus
1163 2697 1442 2781 palaeographicis
1453 2698 1587 2764 innisus

396 2816 514 2898 utique
545 2817 768 2900 supplendum
798 2837 874 2886 esse
904 2823 1038 2887 censet:
1069 2826 1192 2898 γενεαῖς
1225 2818 1372 2896 μάλιστα
1405 2814 1584 2907 (atem)

396 2931 517 3016 ὕστερον
551 2939 657 3024 „quod
688 2958 748 3023 per
777 2940 893 3008 literas
921 2957 1120 3024 expressum
1152 2939 1306 3008 facillime
1335 2944 1413 3024 post
1441 2956 1588 3023 aequem

397 3065 479 3124 'rcT
510 3058 675 3128 eliminari
704 3062 869 3144 poterat'.
901 3065 951 3129 At
982 3061 1055 3146 ipsa
1085 3061 1271 3129 Pausaniae
1302 3060 1521 3143 computatio,
1546 3063 1588 3128 ut

395 3179 491 3246 facile
520 3181 721 3262 vide1eest,
745 3202 848 3251 mauu
870 3184 963 3252 ducit
985 3185 1028 3252 ad
1051 3183 1212 3252 Ludovici
1233 3182 1394 3250 Dindcrili
1415 3181 1587 3250 correctIc

398 3317 477 3367 nem
500 3308 636 3387 γενεᾷ.

443 3545 502 3614 VI.
533 3545 704 3616 Panaenus
725 3548 819 3634 Βοίρι.
845 3547 883 3613 L.
907 3548 940 3614 Π
962 3565 994 3630 p.
1018 3546 1085 3615 373
1108 3547 1156 3614 in.

443 3667 683 3748 Meretriculae
715 3671 821 3752 pestis
852 3687 891 3736 ac
920 3670 1083 3752 pernicies
1112 3670 1314 3748 iuventutis,
1345 3686 1430 3752 quas
1452 3669 1589 3736 omnino

399 3805 442 3855 ex
472 3790 565 3856 omni
594 3790 763 3873 republica
792 3791 973 3857 exturbare
1001 3791 1187 3873 oportebat,
1218 3791 1311 3859 nulla
1340 3794 1430 3859 certe
1459 3792 1589 3860 ratione

399 3926 454 3976 me
484 3910 593 3978 iudice
622 3913 817 3980 reticendae
847 3913 988 3980 suntin
1012 3913 1181 3995 repubuca
1201 3913 1361 4000 Plutonia,
1384 3914 1443 3980 ubi
1465 3913 1591 3981 tiadita

397 4031 496 4100 lectio
519 4033 602 4101 haec
623 4038 694 4101 cst:

444 4157 549 4220 ταῦτα
573 4154 637 4235 γὰρ
660 4154 696 4232 δή
720 4178 810 4235 τισιν,
833 4156 871 4228 οῖς
893 4153 983 4236 δοκεῖ,
1004 4157 1057 4221 οὖν
1078 4153 1246 4236 ἐξαρκέσει,
1266 4155 1327 4222 οὐδ’
1347 4152 1589 4234 utensilium,

399 4275 487 4340 άλλά
519 4277 624 4342 ιολῖνοιῖ
653 4300 688 4342 τε
718 4277 918 4359 προσέσονται
941 4277 994 4343 καὶ
1020 4275 1174 4359 τράπεζαι
1197 4276 1250 4342 καὶ
1274 4271 1383 4342 τάλλα
1408 4275 1513 4355 σκεύη,
1536 4275 1589 4340 καὶ

399 4393 463 4476 ῖψα
496 4396 531 4472 te
563 4396 615 4462 ιιαῖ
646 4398 732 4479 μύρα
762 4398 815 4464 καὶ
847 4397 1035 4479 θυμιάματα
1065 4398 1117 4463 καὶ
1147 4398 1311 4479 ἑταῖραι
1339 4398 1392 4464 καὶ
1420 4397 1590 4478 πέμματα,
1622 4491 1624 4496 ι

399 4514 521 4584 ἕκαστα
546 4518 660 4586 τούτων
684 4519 885 4588 παντοδαπά.

435 4805 460 4867 1)
476 4807 540 4857 Ante
556 4803 666 4868 πλάιμοι
680 4823 694 4856 ο
710 4806 834 4857 codicibus
851 4806 998 4872 quibusdam
1014 4805 1189 4858 recentioribus
1205 4806 1279 4872 vulga
1296 4804 1411 4856 inuritur
1428 4805 1516 4866 <al>‚
1529 4822 1592 4872 quac

402 4886 515 4938 Graeculi
531 4889 636 4939 alicuius
652 4889 843 4940 correctiunculc
861 4905 913 4940 σιιο
930 4889 1034 4942 videtur.
