4070 6138
1142 916 1208 984 160

576 1119 599 1170 a
628 1104 750 1170 senatu
780 1101 991 1185 praetoribus
1020 1101 1203 1170 mandatus
1232 1105 1296 1170 est.
1329 1100 1416 1169 Cum
1446 1102 1501 1170 bio
1524 1120 1591 1170 non
1614 1105 1776 1171 narretur

576 1224 732 1291 tribunos
772 1223 981 1305 indulgentia
1021 1223 1128 1290 nimia
1165 1222 1344 1291 consulum
1381 1225 1571 1307 improbata
1608 1225 1774 1292 dicatum

576 1346 796 1429 prohibuisse,
818 1345 962 1427 legimns
984 1345 1035 1412 bia
1056 1345 1211 1414 consules
1232 1364 1254 1414 a
1278 1347 1423 1414 tribunis
1442 1347 1478 1412 in
1497 1347 1634 1415 vincula
1651 1347 1775 1415 ductos

576 1483 669 1535 esse:
693 1484 783 1535 anno
809 1467 882 1549 151,
906 1467 993 1550 quod
1016 1483 1076 1549 pro
1099 1467 1218 1535 amicis
1240 1467 1411 1535 nonnullis
1434 1468 1645 1536 vamtionem
1669 1468 1775 1552 impe

577 1593 667 1656 trare
684 1606 753 1656 non
773 1588 963 1670 potuissent
978 1587 1066 1672 (Liv.
1085 1588 1144 1671 llp.
1161 1589 1217 1666 48)
1231 1590 1373 1656 stanno
1393 1588 1468 1666 138,
1483 1589 1571 1672 quod
1588 1589 1774 1672 impetrare

577 1728 644 1777 non
675 1709 866 1793 potuissent
896 1713 937 1777 nt
967 1709 1031 1776 sibi
1062 1709 1166 1776 denos
1195 1727 1280 1794 quos
1309 1709 1435 1777 vellent
1464 1709 1592 1777 milites
1622 1711 1774 1778 eximere

575 1832 690 1899 liceret
719 1831 802 1910 (liv.
829 1831 889 1914 ΕΙ).
915 1832 988 1913 55);
1012 1847 1099 1914 quae
1122 1831 1176 1898 vis
1198 1848 1220 1898 a
1243 1831 1401 1899 Cicerone
1422 1832 1478 1916 (de
1500 1832 1579 1913 Leg.
1605 1833 1636 1918 3,
1658 1835 1690 1916 9,
1714 1832 1774 1918 20)

576 1953 650 2022 sine
678 1953 778 2020 dnbio
807 1969 875 2019 non
906 1955 998 2019 esset
1030 1951 1240 2035 reprehensa,
1271 1952 1302 2019 si
1324 1968 1441 2020 revera
1463 1953 1506 2020 de
1528 1953 1774 2021 intercessione

575 2092 684 2158 neque
706 2075 748 2142 de
770 2074 953 2141 ambitione
976 2073 1091 2140 illicita
1113 2076 1279 2154 ageretur.

621 2195 708 2262 (lum
729 2196 818 2279 apud
842 2194 982 2262 Dionem
1004 2193 1147 2276 legimus
1169 2195 1211 2263 de
1235 2195 1378 2273 Metello,
1402 2195 1630 2278 intellegimus
1651 2215 1775 2266 enma

575 2317 682 2384 Flavii
712 2316 950 2384 vexationibus
980 2315 1105 2383 auxilio
1136 2316 1317 2384 tribunicio
1349 2335 1387 2384 se
1410 2316 1585 2386 defendere
1607 2319 1773 2402 potuisse,

574 2439 661 2521 quod
690 2438 871 2521 quominus
901 2438 1073 2504 invocaret
1104 2437 1279 2505 ferocitate
1306 2438 1412 2505 animi
1443 2439 1672 2522 impediretur.
1704 2440 1774 2508 Ubi

574 2561 678 2642 igitur
701 2560 855 2627 tribunos
877 2557 1032 2627 consules
1055 2577 1121 2627 non
1147 2559 1269 2627 morari
1289 2559 1455 2643 videmus,
1475 2563 1697 2630 statuendum
1716 2567 1776 2630 est

574 2699 632 2750 eos
661 2685 723 2750 aut
753 2699 774 2749 a
804 2681 936 2764 cologs
963 2681 1149 2765 prohibitos
1170 2698 1246 2748 esse
1269 2685 1330 2749 aut
1353 2683 1630 2750 intercessionem
1653 2700 1775 2766 expec-

574 2807 691 2872 tantes
714 2819 757 2870 ne
779 2803 962 2887 periculum
986 2803 1123 2886 quidem
1146 2801 1278 2870 fecisse.

619 3048 711 3115 Haec
741 3046 845 3130 igitur
873 3047 903 3114 si
934 3047 1018 3114 bene
1045 3045 1306 3130 disputavimus,
1330 3049 1472 3130 apparet
1493 3046 1773 3116 intercessionem

574 3187 711 3254 prorsus
741 3169 898 3238 inutilem
928 3186 1004 3236 esse
1033 3169 1076 3236 ad
1106 3169 1249 3238 dilectus
1278 3168 1508 3252 impediendos
1515 3189 1524 3252 ;
1548 3187 1627 3236 cum
1651 3173 1773 3238 autem

574 3291 808 3374 impeditiones
837 3290 1035 3358 tribuniciae
1064 3290 1305 3358 intercessione
1329 3290 1530 3374 collegarum
1553 3291 1773 3360 infirmentur

574 3413 633 3496 its,
663 3416 704 3479 ut
732 3430 823 3480 unus
846 3413 1005 3480 tribunus
1027 3412 1080 3480 rel
1101 3413 1265 3482 adversus
1288 3428 1408 3480 omnes
1430 3413 1517 3480 setis
1539 3429 1616 3480 esse
1638 3413 1774 3481 dicatur

573 3535 660 3614 (le.
686 3537 717 3614 2,
741 3536 796 3613 44,
820 3535 854 3616 3)
884 3552 928 3602 ex
958 3535 1031 3603 iure
1057 3535 1308 3603 intercessionis
1330 3551 1434 3603 sensu
1457 3535 1589 3620 proprio
1611 3534 1687 3602 illae
1710 3536 1773 3604 im·

572 3657 758 3741 peditiones
788 3657 864 3724 duci
894 3675 961 3724 non
993 3660 1148 3740 possunt.
1179 3658 1424 3725 Interceesione
1450 3659 1543 3725 enim
1566 3658 1773 3726 rescinditur

572 3779 746 3846 decretum
775 3779 948 3846 consulare
979 3796 1087 3863 neque
1111 3781 1226 3861 potest
1248 3779 1483 3847 intercessioni
1507 3779 1680 3847 intercedi.
1704 3780 1772 3847 Ita·

572 3916 648 3983 que,
677 3937 710 3947 -
739 3903 780 3967 01
810 3900 852 3966 ad
883 3899 1111 3967 narrationem
1143 3899 1331 3986 Livianam,
1363 3900 1453 3968 unde
1484 3901 1610 3982 egressi
1636 3919 1771 3988 sumus,

573 4024 784 4088 revertamur
815 4057 846 4070 -
876 4021 929 4088 fac
960 4021 1163 4107 Menenium,
1195 4021 1284 4105 quod
1313 4038 1336 4089 a
1365 4025 1489 4089 natura
1517 4022 1773 4091 intercessionis

572 4141 721 4210 alienum
742 4159 817 4210 0000
841 4143 998 4221 vidimus,
1022 4161 1140 4211 revera
1162 4143 1406 4223 intercessisse,
1424 4143 1568 4224 collegae
1586 4161 1649 4211 sue
1668 4143 1774 4212 inter-

572 4264 723 4332 cessione
759 4264 842 4330 nihil
877 4265 1028 4345 egissent
1058 4269 1095 4333 et
1123 4263 1240 4333 consul
1279 4267 1357 4348 post
1390 4264 1631 4347 magistratum
1666 4282 1773 4333 suum

572 4385 804 4471 perduellionis
822 4403 900 4454 reus
917 4386 1028 4454 factus
1047 4391 1149 4455 esset.
1166 4386 1220 4453 Ab
1235 4387 1298 4453 boc
1314 4387 1459 4471 periculo
1473 4403 1581 4470 neque
1594 4386 1773 4454 decretum

571 4507 784 4575 tribunorum
807 4524 886 4575 eum
909 4508 1084 4576 defendere
1108 4511 1241 4591 poterat
1260 4524 1369 4591 neque
1389 4507 1589 4576 Mommseni
1608 4508 1773 4591 interpre-

571 4630 658 4698 tatio
680 4630 824 4698 dicentis
847 4630 926 4712 (SR
948 4631 965 4697 Ι
984 4650 1017 4716 p.
1038 4633 1115 4711 289)
1139 4630 1416 4698 intercessionem
1437 4647 1505 4697 non
1528 4632 1647 4697 contra
1668 4629 1774 4698 inter·

571 4753 758 4821 cessionem
781 4752 840 4820 sed
862 4756 980 4821 contra
1002 4754 1235 4821 coercitionem
1258 4754 1399 4819 tantum
1421 4751 1560 4818 intendi.
1580 4751 1639 4818 Sin
1660 4752 1774 4820 liene·

572 4875 667 4942 nium
699 4875 773 4942 iure
808 4875 944 4942 vetandi
977 4893 1080 4943 usum
1114 4892 1191 4943 esse
1225 4873 1422 4952 statuimus,
1452 4873 1539 4958 quod
1569 4875 1773 4942 coercitione
