4070 6138
848 913 913 980 133

282 1088 423 1157 Iarbita:
457 1107 517 1167 ‚se
548 1107 630 1158 voee
658 1094 695 1159 et
715 1095 891 1162 stomacho
913 1096 1002 1162 maie
1023 1099 1211 1181 suppetens
1233 1096 1349 1183 ropit”
1370 1102 1408 1166 et
1430 1099 1472 1166 de

282 1211 463 1293 'l'imageno
492 1209 631 1280 Suiths:
661 1213 847 1291 ἰτελιύησε
878 1215 906 1281 δ’
937 1219 968 1282 ἓν
1000 1216 1150 1300 'Amne
1176 1219 1288 1298 ἐμέσαι
1310 1219 1471 1297 βουληθεὶς

281 1332 333 1396 aa)
352 1333 521 1412 σφῃιιθεὶς
540 1339 578 1402 ot
595 1335 717 1410 κληθεὶς
736 1337 789 1401 tet
809 1337 928 1404 utnon
946 1339 998 1404 ui
1010 1340 1178 1421 σφηιωίιὶς
1190 1340 1337 1408 istim
1352 1343 1472 1428 (Morbi

281 1471 404 1522 nomen
432 1457 587 1536 edimus
616 1457 740 1541 legitur
767 1461 872 1528 etiam
902 1463 992 1529 Plut
1022 1463 1063 1529 de
1092 1465 1208 1530 tuend.
1238 1482 1312 1531 san.
1343 1465 1407 1532 127
1430 1463 1471 1530 D.

280 1575 344 1658 Qui
380 1577 490 1659 qualis
523 1579 572 1645 sit
606 1597 673 1646 nou
708 1581 840 1664 definio,
874 1583 934 1650 sed
968 1585 1192 1652 voracitatem
1224 1587 1299 1654 eius
1331 1604 1471 1654 oausam

280 1697 395 1766 haberi
415 1701 580 1782 apparet).

324 1819 399 1886 tam
423 1820 670 1904 ineptimimam
701 1840 777 1890 eme
805 1825 985 1894 lectionem
1014 1830 1111 1912 rupit
1231 1829 1471 1913 masieem

280 1939 330 2006 sio
357 1941 620 2024 interpretemur
647 1947 689 2011 nt
718 1944 888 2026 dufflmus
916 1948 1079 2015 Iarbitam
1100 1966 1219 2016 revera
1241 1954 1363 2032 ¹‚mpto
1384 1951 1472 2017 ieon-

279 2062 347 2130 isse
386 2064 545 2146 eorpore”
585 2065 665 2146 quia
706 2067 912 2135 tantundem
950 2073 1121 2152 quantum
1162 2071 1380 2156 Timagenes,
1417 2071 1471 2138 vir

278 2184 509 2264 edadmimus,
538 2203 690 2254 oomeme
718 2193 862 2256 uenatus
889 2195 991 2276 esset,
1022 2209 1132 2275 neque
1160 2209 1222 2274 ego
1250 2209 1336 2273 nego
1362 2209 1471 2276 neque

279 2321 401 2386 neme
432 2308 613 2391 quisquam
647 2309 842 2377 mortalium
875 2315 1000 2394 potest
1036 2312 1080 2378 Et
1113 2316 1231 2382 tamen
1265 2329 1306 2380 eo
1340 2313 1472 2380 duount

278 2427 517 2514 Porphyrionis
546 2431 650 2498 verba
688 2449 747 2518 ,se
782 2449 865 2500 rooe
902 2436 933 2499 et
965 2434 1131 2501 macto
1164 2435 1253 2502 male
1285 2437 1471 2518 suppetens

278 2550 405 2634 rupre’·

323 2673 456 2740 Verum
489 2673 597 2741 altera
629 2673 705 2740 nn:
734 2677 921 2758 rupr't....
953 2678 1070 2760 impio
1101 2695 1185 2745 num
1216 2677 1325 2744 multo
1353 2676 1470 2744 minus

277 2795 395 2878 inepta
422 2795 504 2861 est?
533 2795 626 2861 Num
655 2812 730 2863 rem
759 2797 912 2863 eontinet
941 2815 1028 2880 quae
1057 2815 1208 2881 unquam
1234 2797 1325 2864 taeta
1345 2797 1395 2864 sit
1416 2797 1470 2864 rei

277 2915 352 2982 dori
386 2916 562 2999 potnerit?
595 2915 732 2983 Ttenim
764 2917 807 2983 de
840 2918 1034 2999 Timagenis
1066 2920 1187 3002 tinpuu
1218 2919 1369 3000 legentoe
1401 2936 1469 2985 non

277 3053 460 3119 pemnmns
477 3054 545 3103 non
562 3038 710 3118 eogitare
727 3038 769 3105 de
784 3040 1280 3108 einsoonvitiisetmaiediutis
1303 3041 1470 3107 Haeraine

277 3175 356 3239 ergo
384 3157 530 3225 Iarbites
558 3158 717 3226 imitatus
744 3161 827 3225 est?
854 3160 1119 3238 timuissem?
1147 3163 1205 3228 An
1224 3161 1305 3245 quia
1325 3161 1470 3245 putabat

277 3279 1470 3364 nmeahudietemotumeutueupumeidtdeterrereeuma

277 3405 438 3472 deuvidis
466 3405 661 3484 Timagenis
681 3407 816 3487 poterat
836 3403 1040 3489 exemptum,
1062 3403 1121 3487 qui
1144 3404 1188 3470 iis
1208 3404 1327 3470 amisit
1347 3403 1381 3470 id
1402 3420 1470 3486 quo

277 3522 370 3606 nihil,
393 3525 436 3588 nt
456 3525 584 3606 opinor.
606 3525 753 3592 Imtritae
773 3526 927 3608 optatius
948 3541 1025 3591 eme
1047 3528 1198 3606 poterat:
1222 3523 1410 3590 amicitiam
1431 3527 1469 3590 et

277 3643 545 3711 familiaritatem
575 3645 746 3730 prmoipis.
778 3646 863 3729 Quid
892 3645 979 3729 quod
1010 3648 1142 3712 territuri
1168 3648 1388 3729 asperitatem
1411 3645 1470 3712 ali·

277 3766 375 3832 ouius
406 3771 444 3834 et
476 3767 696 3834 aoerbitatem
729 3767 811 3850 quid
845 3767 894 3834 sit
926 3767 1041 3850 quiris
1074 3765 1195 3832 statim
1228 3763 1395 3848 intelligit,
1430 3767 1470 3830 at

277 3887 449 3955 munis·
474 3888 694 3972 asperitatem
715 3889 1001 3971 acerbitatemque
1022 3887 1206 3955 absurdum
1227 3885 1371 3952 videtur.
1394 3884 1470 3950 Seio

278 4009 362 4074 mihi
382 4009 439 4076 hio
460 4009 624 4077 itartialie
646 4010 865 4077 notissimum
887 4026 1026 4076 versum
1047 4009 1240 4092 oppositum
1262 4007 1304 4074 iri

505 4131 562 4198 An
584 4131 777 4198 aemulatur
798 4132 968 4215 improbos
989 4131 1079 4198 ineos
1101 4129 1270 4196 Phaedri?

323 4252 389 4320 Sed
419 4253 474 4320 hio
502 4250 1470 4335 dewmquodamliterarumpemosermown

278 4391 344 4456 quo
373 4373 433 4457 qni
463 4391 525 4457 par
553 4371 1470 4453 eiuaauetoriiieristudetisreeteeiusimprobos

278 4497 368 4564 iooos
397 4493 1470 4579 memmerunseoiongeetiterroesehahotcumoe

277 4619 439 4686 eonvioiis
460 4635 547 4701 nme
568 4619 604 4685 in
627 4619 820 4702 puotiduuno
841 4619 1012 4686 iaciuntur
1033 4634 1188 4685 sermone
1209 4617 1332 4698 agitur.

322 4740 396 4806 Hoc
414 4755 495 4806 veru
513 4739 621 4806 multo
639 4741 778 4821 gavina
795 4740 883 4824 quod
902 4742 1016 4807 toturn
1034 4738 1114 4806 sslud
1133 4739 1303 4806 aemuurt
1312 4739 1470 4820 monum

278 4859 1470 4946 (utiamoonoeoamuemutanuivernumniorecteaonineni
