<?xml version="1.0" encoding="UTF-8"?>
<!DOCTYPE html PUBLIC "-//W3C//DTD XHTML 1.0 Transitional//EN"
    "http://www.w3.org/TR/xhtml1/DTD/xhtml1-transitional.dtd">
<html xmlns="http://www.w3.org/1999/xhtml" xml:lang="en" lang="en">
 <head>
  <title>
</title>
<meta http-equiv="Content-Type" content="text/html;charset=utf-8" />
  <meta name='ocr-system' content='tesseract 3.04.00' />
  <meta name='ocr-capabilities' content='ocr_page ocr_carea ocr_par ocr_line ocrx_word'/>
</head>
<body>
  <div class='ocr_page' id='page_1' title='image "./sertumnabericum00nabegoog_0193.png"; bbox 0 0 4128 6144; ppageno 0'>
   <div class='ocr_carea' id='block_1_1' title="bbox 914 896 977 962">
    <p class='ocr_par' dir='ltr' id='par_1_1' title="bbox 914 896 977 962">
     <span class='ocr_line' id='line_1_1' title="bbox 914 896 977 962; baseline -0.016 0"><span class='ocrx_word' id='word_1_1' title='bbox 914 896 977 962; x_wconf 91' lang='lat'>181</span> 
     </span>
    </p>
   </div>
   <div class='ocr_carea' id='block_1_2' title="bbox 340 1071 1536 1160">
    <p class='ocr_par' dir='ltr' id='par_1_2' title="bbox 340 1071 1536 1160">
     <span class='ocr_line' id='line_1_2' title="bbox 340 1071 1536 1160; baseline 0.003 -20"><span class='ocrx_word' id='word_1_2' title='bbox 340 1071 442 1140; x_wconf 79' lang='lat' dir='ltr'>amici</span> <span class='ocrx_word' id='word_1_3' title='bbox 464 1072 590 1141; x_wconf 87' lang='lat' dir='ltr'>mortni</span> <span class='ocrx_word' id='word_1_4' title='bbox 612 1074 678 1141; x_wconf 87' lang='lat' dir='ltr'>sibi</span> <span class='ocrx_word' id='word_1_5' title='bbox 700 1075 768 1142; x_wconf 81' lang='lat' dir='ltr'>cori</span> <span class='ocrx_word' id='word_1_6' title='bbox 792 1077 981 1160; x_wconf 85' lang='lat' dir='ltr'>sepulcrum</span> <span class='ocrx_word' id='word_1_7' title='bbox 1006 1077 1137 1146; x_wconf 90' lang='lat' dir='ltr'>coronis</span> <span class='ocrx_word' id='word_1_8' title='bbox 1159 1080 1196 1144; x_wconf 91' lang='lat' dir='ltr'>et</span> <span class='ocrx_word' id='word_1_9' title='bbox 1220 1077 1345 1145; x_wconf 83' lang='lat' dir='ltr'>taeniis</span> <span class='ocrx_word' id='word_1_10' title='bbox 1369 1078 1536 1144; x_wconf 80' lang='lat' dir='ltr'>ornabunt</span> 
     </span>
    </p>
   </div>
   <div class='ocr_carea' id='block_1_3' title="bbox 340 1192 1536 4191">
    <p class='ocr_par' dir='ltr' id='par_1_3' title="bbox 340 1192 1536 2856">
     <span class='ocr_line' id='line_1_3' title="bbox 340 1192 1535 1270; baseline 0.003 -8"><span class='ocrx_word' id='word_1_11' title='bbox 340 1195 399 1262; x_wconf 86' lang='lat' dir='ltr'>sed</span> <span class='ocrx_word' id='word_1_12' title='bbox 434 1194 537 1262; x_wconf 86' lang='lat' dir='ltr'>etiam</span> <span class='ocrx_word' id='word_1_13' title='bbox 573 1192 707 1270; x_wconf 70' lang='lat' dir='ltr'>innovat</span> <span class='ocrx_word' id='word_1_14' title='bbox 740 1200 777 1264; x_wconf 90' lang='lat' dir='ltr'>et</span> <span class='ocrx_word' id='word_1_15' title='bbox 810 1198 951 1266; x_wconf 87' lang='lat' dir='ltr'>tribules</span> <span class='ocrx_word' id='word_1_16' title='bbox 982 1200 1070 1266; x_wconf 82' lang='lat' dir='ltr'>donn</span> <span class='ocrx_word' id='word_1_17' title='bbox 1102 1199 1256 1267; x_wconf 78' lang='lat' dir='ltr'>funebria</span> <span class='ocrx_word' id='word_1_18' title='bbox 1288 1199 1473 1266; x_wconf 83' lang='lat' dir='ltr'>afferebant</span> <span class='ocrx_word' id='word_1_19' title='bbox 1499 1202 1535 1266; x_wconf 89' lang='lat' dir='ltr'>et</span> 
     </span>
     <span class='ocr_line' id='line_1_4' title="bbox 341 1315 1535 1399; baseline 0.003 -15"><span class='ocrx_word' id='word_1_20' title='bbox 341 1316 494 1399; x_wconf 84' lang='lat' dir='ltr'>sepulcra</span> <span class='ocrx_word' id='word_1_21' title='bbox 533 1315 708 1385; x_wconf 73' lang='lat' dir='ltr'><strong>tribulium</strong></span> <span class='ocrx_word' id='word_1_22' title='bbox 742 1336 882 1387; x_wconf 88' lang='lat' dir='ltr'>suorum</span> <span class='ocrx_word' id='word_1_23' title='bbox 917 1323 1128 1388; x_wconf 86' lang='lat' dir='ltr'>mortuorum</span> <span class='ocrx_word' id='word_1_24' title='bbox 1163 1320 1300 1388; x_wconf 87' lang='lat' dir='ltr'>floribus</span> <span class='ocrx_word' id='word_1_25' title='bbox 1335 1322 1372 1388; x_wconf 88' lang='lat' dir='ltr'>et</span> <span class='ocrx_word' id='word_1_26' title='bbox 1405 1321 1535 1388; x_wconf 91' lang='lat' dir='ltr'>coronis</span> 
     </span>
     <span class='ocr_line' id='line_1_5' title="bbox 341 1437 1536 1525; baseline 0.004 -21"><span class='ocrx_word' id='word_1_27' title='bbox 341 1437 472 1520; x_wconf 89' lang='lat' dir='ltr'>publice</span> <span class='ocrx_word' id='word_1_28' title='bbox 500 1439 677 1506; x_wconf 82' lang='lat' dir='ltr'>ornabant.</span> <span class='ocrx_word' id='word_1_29' title='bbox 708 1439 760 1507; x_wconf 84' lang='lat' dir='ltr'>Ac</span> <span class='ocrx_word' id='word_1_30' title='bbox 788 1457 832 1507; x_wconf 91' lang='lat' dir='ltr'>ne</span> <span class='ocrx_word' id='word_1_31' title='bbox 862 1441 948 1509; x_wconf 84' lang='lat' dir='ltr'>forte</span> <span class='ocrx_word' id='word_1_32' title='bbox 976 1441 1121 1508; x_wconf 91' lang='lat' dir='ltr'>nimium</span> <span class='ocrx_word' id='word_1_33' title='bbox 1151 1441 1306 1525; x_wconf 85' lang='lat' dir='ltr'>ponderis</span> <span class='ocrx_word' id='word_1_34' title='bbox 1328 1458 1383 1509; x_wconf 88' lang='lat' dir='ltr'>me</span> <span class='ocrx_word' id='word_1_35' title='bbox 1406 1442 1536 1509; x_wconf 87' lang='lat' dir='ltr'>coronis</span> 
     </span>
     <span class='ocr_line' id='line_1_6' title="bbox 340 1558 1534 1646; baseline 0 -20"><span class='ocrx_word' id='word_1_36' title='bbox 340 1559 407 1626; x_wconf 88' lang='lat' dir='ltr'>illis</span> <span class='ocrx_word' id='word_1_37' title='bbox 436 1558 622 1644; x_wconf 88' lang='lat' dir='ltr'>exsculptis</span> <span class='ocrx_word' id='word_1_38' title='bbox 648 1561 795 1629; x_wconf 88' lang='lat' dir='ltr'>tribuere</span> <span class='ocrx_word' id='word_1_39' title='bbox 818 1565 928 1646; x_wconf 85' lang='lat' dir='ltr'>putes,</span> <span class='ocrx_word' id='word_1_40' title='bbox 953 1581 1040 1631; x_wconf 86' lang='lat' dir='ltr'>neve</span> <span class='ocrx_word' id='word_1_41' title='bbox 1062 1563 1179 1630; x_wconf 80' lang='lat' dir='ltr'>credes</span> <span class='ocrx_word' id='word_1_42' title='bbox 1202 1563 1345 1631; x_wconf 78' lang='lat' dir='ltr'>fortasse</span> <span class='ocrx_word' id='word_1_43' title='bbox 1369 1561 1534 1646; x_wconf 63' lang='grc' dir='ltr'>ἀλιζονιᾳ</span> 
     </span>
     <span class='ocr_line' id='line_1_7' title="bbox 340 1679 1536 1770; baseline 0.004 -24"><span class='ocrx_word' id='word_1_44' title='bbox 340 1679 485 1762; x_wconf 82' lang='lat' dir='ltr'>quadam</span> <span class='ocrx_word' id='word_1_45' title='bbox 526 1679 673 1748; x_wconf 81' lang='lat' dir='ltr'>Graecos</span> <span class='ocrx_word' id='word_1_46' title='bbox 712 1680 788 1750; x_wconf 88' lang='lat' dir='ltr'>illos</span> <span class='ocrx_word' id='word_1_47' title='bbox 828 1683 953 1750; x_wconf 83' lang='lat' dir='ltr'>aetatis</span> <span class='ocrx_word' id='word_1_48' title='bbox 995 1685 1126 1767; x_wconf 90' lang='lat' dir='ltr'>imperii</span> <span class='ocrx_word' id='word_1_49' title='bbox 1169 1683 1314 1751; x_wconf 83' lang='lat' dir='ltr'>Romani</span> <span class='ocrx_word' id='word_1_50' title='bbox 1346 1685 1536 1770; x_wconf 80' lang='lat' dir='ltr'>anaglypha</span> 
     </span>
     <span class='ocr_line' id='line_1_8' title="bbox 341 1801 1535 1885; baseline 0.005 -17"><span class='ocrx_word' id='word_1_51' title='bbox 341 1801 538 1884; x_wconf 78' lang='lat' dir='ltr'><strong>sepulcralia</strong></span> <span class='ocrx_word' id='word_1_52' title='bbox 560 1820 759 1871; x_wconf 81' lang='lat' dir='ltr'>coronarum</span> <span class='ocrx_word' id='word_1_53' title='bbox 781 1803 899 1885; x_wconf 84' lang='lat' dir='ltr'>effigie,</span> <span class='ocrx_word' id='word_1_54' title='bbox 925 1804 1049 1870; x_wconf 84' lang='lat' dir='ltr'>additis</span> <span class='ocrx_word' id='word_1_55' title='bbox 1068 1805 1208 1872; x_wconf 88' lang='lat' dir='ltr'>vocibus</span> <span class='ocrx_word' id='word_1_56' title='bbox 1230 1805 1245 1870; x_wconf 80' lang='lat' dir='ltr'>i</span> <span class='ocrx_word' id='word_1_57' title='bbox 1269 1803 1374 1883; x_wconf 69' lang='lat' dir='ltr'>innoc,</span> <span class='ocrx_word' id='word_1_58' title='bbox 1398 1823 1535 1874; x_wconf 77' lang='lat' dir='ltr'>ornasse</span> 
     </span>
     <span class='ocr_line' id='line_1_9' title="bbox 341 1923 1535 2008; baseline 0.004 -18"><span class='ocrx_word' id='word_1_59' title='bbox 341 1923 400 1990; x_wconf 86' lang='lat' dir='ltr'>sed</span> <span class='ocrx_word' id='word_1_60' title='bbox 421 1939 491 1990; x_wconf 92' lang='lat' dir='ltr'>non</span> <span class='ocrx_word' id='word_1_61' title='bbox 509 1939 627 1990; x_wconf 82' lang='lat' dir='ltr'>revers</span> <span class='ocrx_word' id='word_1_62' title='bbox 645 1927 798 1992; x_wconf 87' lang='lat' dir='ltr'>mortuos</span> <span class='ocrx_word' id='word_1_63' title='bbox 816 1925 981 2008; x_wconf 88' lang='lat' dir='ltr'>ejusmodi</span> <span class='ocrx_word' id='word_1_64' title='bbox 1000 1924 1125 1993; x_wconf 90' lang='lat' dir='ltr'>bonore</span> <span class='ocrx_word' id='word_1_65' title='bbox 1143 1944 1164 1993; x_wconf 85' lang='lat' dir='ltr'><strong>a</strong></span> <span class='ocrx_word' id='word_1_66' title='bbox 1183 1926 1361 1994; x_wconf 75' lang='lat' dir='ltr'>tribulibus</span> <span class='ocrx_word' id='word_1_67' title='bbox 1379 1927 1535 2008; x_wconf 82' lang='lat' dir='ltr'>dignatos</span> 
     </span>
     <span class='ocr_line' id='line_1_10' title="bbox 341 2043 1535 2131; baseline 0.005 -21"><span class='ocrx_word' id='word_1_68' title='bbox 341 2060 426 2128; x_wconf 87' lang='lat' dir='ltr'>esse,</span> <span class='ocrx_word' id='word_1_69' title='bbox 451 2043 542 2110; x_wconf 82' lang='lat' dir='ltr'>alind</span> <span class='ocrx_word' id='word_1_70' title='bbox 564 2044 628 2111; x_wconf 91' lang='lat' dir='ltr'>tibi</span> <span class='ocrx_word' id='word_1_71' title='bbox 647 2045 756 2113; x_wconf 87' lang='lat' dir='ltr'>musei</span> <span class='ocrx_word' id='word_1_72' title='bbox 776 2047 883 2114; x_wconf 87' lang='lat' dir='ltr'>nostri</span> <span class='ocrx_word' id='word_1_73' title='bbox 904 2046 1132 2130; x_wconf 77' lang='lat' dir='ltr'>anaglyphum</span> <span class='ocrx_word' id='word_1_74' title='bbox 1150 2047 1290 2114; x_wconf 82' lang='lat' dir='ltr'>afferam</span> <span class='ocrx_word' id='word_1_75' title='bbox 1309 2049 1396 2131; x_wconf 88' lang='lat' dir='ltr'>qnod</span> <span class='ocrx_word' id='word_1_76' title='bbox 1409 2049 1535 2116; x_wconf 89' lang='lat' dir='ltr'>mortui</span> 
     </span>
     <span class='ocr_line' id='line_1_11' title="bbox 341 2165 1535 2252; baseline 0.005 -21"><span class='ocrx_word' id='word_1_77' title='bbox 341 2165 435 2247; x_wconf 89' lang='lat' dir='ltr'>pueri</span> <span class='ocrx_word' id='word_1_78' title='bbox 466 2165 650 2248; x_wconf 81' lang='lat' dir='ltr'>imaginem</span> <span class='ocrx_word' id='word_1_79' title='bbox 681 2167 777 2234; x_wconf 92' lang='lat' dir='ltr'>nobis</span> <span class='ocrx_word' id='word_1_80' title='bbox 804 2169 959 2249; x_wconf 82' lang='lat' dir='ltr'>exhibet3</span> <span class='ocrx_word' id='word_1_81' title='bbox 985 2167 1048 2234; x_wconf 88' lang='lat' dir='ltr'>snb</span> <span class='ocrx_word' id='word_1_82' title='bbox 1072 2167 1133 2234; x_wconf 93' lang='lat' dir='ltr'>boc</span> <span class='ocrx_word' id='word_1_83' title='bbox 1155 2168 1345 2252; x_wconf 83' lang='lat' dir='ltr'>anaglypho</span> <span class='ocrx_word' id='word_1_84' title='bbox 1368 2168 1405 2236; x_wconf 89' lang='lat' dir='ltr'>in</span> <span class='ocrx_word' id='word_1_85' title='bbox 1427 2167 1535 2251; x_wconf 88' lang='lat' dir='ltr'>lapide</span> 
     </span>
     <span class='ocr_line' id='line_1_12' title="bbox 341 2285 1534 2371; baseline 0 -19"><span class='ocrx_word' id='word_1_86' title='bbox 341 2286 464 2367; x_wconf 78' lang='lat' dir='ltr'>legitur</span> <span class='ocrx_word' id='word_1_87' title='bbox 485 2285 659 2370; x_wconf 76' lang='lat' dir='ltr'>inscriptio</span> <span class='ocrx_word' id='word_1_88' title='bbox 681 2289 844 2366; x_wconf 68' lang='grc' dir='ltr'>Εὖκιρτος</span> <span class='ocrx_word' id='word_1_89' title='bbox 862 2312 915 2354; x_wconf 75' lang='grc' dir='ltr'>και</span> <span class='ocrx_word' id='word_1_90' title='bbox 936 2297 1136 2370; x_wconf 58' lang='lat' dir='ltr'>turonem</span> <span class='ocrx_word' id='word_1_91' title='bbox 1156 2297 1285 2367; x_wconf 69' lang='grc' dir='ltr'><strong><em>Ζωσιμῳ</em></strong></span> <span class='ocrx_word' id='word_1_92' title='bbox 1304 2311 1399 2371; x_wconf 68' lang='lat' dir='ltr'>truvo</span> <span class='ocrx_word' id='word_1_93' title='bbox 1410 2312 1534 2366; x_wconf 72' lang='grc' dir='ltr'><strong><em>μνημης</em></strong></span> 
     </span>
     <span class='ocr_line' id='line_1_13' title="bbox 341 2408 1536 2494; baseline 0.008 -25"><span class='ocrx_word' id='word_1_94' title='bbox 341 2430 434 2490; x_wconf 65' lang='grc' dir='ltr'><strong><em>χαριν</em></strong></span> <span class='ocrx_word' id='word_1_95' title='bbox 459 2413 497 2476; x_wconf 88' lang='lat' dir='ltr'>et</span> <span class='ocrx_word' id='word_1_96' title='bbox 525 2408 612 2475; x_wconf 81' lang='lat' dir='ltr'>duae</span> <span class='ocrx_word' id='word_1_97' title='bbox 641 2425 782 2477; x_wconf 83' lang='lat' dir='ltr'>corones</span> <span class='ocrx_word' id='word_1_98' title='bbox 811 2409 1007 2494; x_wconf 78' lang='lat' dir='ltr'>exsculptae</span> <span class='ocrx_word' id='word_1_99' title='bbox 1038 2414 1124 2477; x_wconf 86' lang='lat' dir='ltr'>sunt</span> <span class='ocrx_word' id='word_1_100' title='bbox 1152 2411 1275 2492; x_wconf 86' lang='lat' dir='ltr'>quibus</span> <span class='ocrx_word' id='word_1_101' title='bbox 1303 2410 1420 2478; x_wconf 77' lang='lat' dir='ltr'>addito</span> <span class='ocrx_word' id='word_1_102' title='bbox 1453 2413 1536 2478; x_wconf 86' lang='lat' dir='ltr'>sunt</span> 
     </span>
     <span class='ocr_line' id='line_1_14' title="bbox 341 2529 1535 2611; baseline 0.002 -15"><span class='ocrx_word' id='word_1_103' title='bbox 341 2529 423 2596; x_wconf 76' lang='lat' dir='ltr'>habe</span> <span class='ocrx_word' id='word_1_104' title='bbox 464 2536 590 2608; x_wconf 73' lang='grc' dir='ltr'><strong><em>Φρατρι</em></strong></span> <span class='ocrx_word' id='word_1_105' title='bbox 631 2539 788 2608; x_wconf 67' lang='lat' dir='ltr'>liuram</span> <span class='ocrx_word' id='word_1_106' title='bbox 817 2535 855 2600; x_wconf 82' lang='lat' dir='ltr'>et</span> <span class='ocrx_word' id='word_1_107' title='bbox 886 2539 1012 2610; x_wconf 73' lang='grc' dir='ltr'><strong><em>Φριτρι</em></strong></span> <span class='ocrx_word' id='word_1_108' title='bbox 1044 2539 1280 2611; x_wconf 63' lang='lat' dir='ltr'>brumanton.</span> <span class='ocrx_word' id='word_1_109' title='bbox 1324 2531 1535 2600; x_wconf 77' lang='lat' dir='ltr'>Nominatim</span> 
     </span>
     <span class='ocr_line' id='line_1_15' title="bbox 341 2651 1533 2737; baseline 0.003 -20"><span class='ocrx_word' id='word_1_110' title='bbox 341 2651 445 2732; x_wconf 90' lang='lat' dir='ltr'>igitur</span> <span class='ocrx_word' id='word_1_111' title='bbox 477 2653 589 2720; x_wconf 86' lang='lat' dir='ltr'>tribus</span> <span class='ocrx_word' id='word_1_112' title='bbox 618 2652 811 2720; x_wconf 81' lang='lat' dir='ltr'>indicentur</span> <span class='ocrx_word' id='word_1_113' title='bbox 839 2671 926 2736; x_wconf 79' lang='lat' dir='ltr'>qnae</span> <span class='ocrx_word' id='word_1_114' title='bbox 954 2653 990 2720; x_wconf 91' lang='lat' dir='ltr'>in</span> <span class='ocrx_word' id='word_1_115' title='bbox 1020 2653 1193 2736; x_wconf 87' lang='lat' dir='ltr'>exsequiis</span> <span class='ocrx_word' id='word_1_116' title='bbox 1223 2653 1317 2737; x_wconf 88' lang='lat' dir='ltr'>pueri</span> <span class='ocrx_word' id='word_1_117' title='bbox 1343 2653 1433 2720; x_wconf 92' lang='lat' dir='ltr'>illius</span> <span class='ocrx_word' id='word_1_118' title='bbox 1453 2671 1533 2722; x_wconf 89' lang='lat' dir='ltr'>eum</span> 
     </span>
     <span class='ocr_line' id='line_1_16' title="bbox 341 2773 884 2856; baseline 0.004 -16"><span class='ocrx_word' id='word_1_119' title='bbox 341 2789 482 2840; x_wconf 80' lang='lat' dir='ltr'>coronae</span> <span class='ocrx_word' id='word_1_120' title='bbox 503 2773 627 2841; x_wconf 90' lang='lat' dir='ltr'>bonore</span> <span class='ocrx_word' id='word_1_121' title='bbox 648 2775 884 2856; x_wconf 81' lang='lat' dir='ltr'>dignevemnt.</span> 
     </span>
    </p>

    <p class='ocr_par' dir='ltr' id='par_1_4' title="bbox 342 2891 1535 3704">
     <span class='ocr_line' id='line_1_17' title="bbox 387 2891 1535 2978; baseline -0.002 -16"><span class='ocrx_word' id='word_1_122' title='bbox 387 2895 471 2962; x_wconf 77' lang='lat' dir='ltr'>seeo</span> <span class='ocrx_word' id='word_1_123' title='bbox 507 2895 620 2978; x_wconf 87' lang='lat' dir='ltr'>igitur,</span> <span class='ocrx_word' id='word_1_124' title='bbox 657 2893 711 2960; x_wconf 84' lang='lat' dir='ltr'>vir</span> <span class='ocrx_word' id='word_1_125' title='bbox 742 2892 937 2975; x_wconf 72' lang='lat' dir='ltr'>clarissime,</span> <span class='ocrx_word' id='word_1_126' title='bbox 968 2891 1159 2976; x_wconf 78' lang='lat' dir='ltr'>anoglypha</span> <span class='ocrx_word' id='word_1_127' title='bbox 1189 2897 1307 2960; x_wconf 80' lang='lat' dir='ltr'>nostre</span> <span class='ocrx_word' id='word_1_128' title='bbox 1337 2891 1535 2975; x_wconf 78' lang='lat' dir='ltr'>sepulcralia</span> 
     </span>
     <span class='ocr_line' id='line_1_18' title="bbox 342 3013 1534 3099; baseline -0.003 -17"><span class='ocrx_word' id='word_1_129' title='bbox 342 3033 468 3082; x_wconf 86' lang='lat' dir='ltr'>novum</span> <span class='ocrx_word' id='word_1_130' title='bbox 508 3015 678 3099; x_wconf 85' lang='lat' dir='ltr'>quendam</span> <span class='ocrx_word' id='word_1_131' title='bbox 718 3015 824 3081; x_wconf 89' lang='lat' dir='ltr'>ritum</span> <span class='ocrx_word' id='word_1_132' title='bbox 861 3013 1048 3091; x_wconf 81' lang='lat' dir='ltr'>funebrem,</span> <span class='ocrx_word' id='word_1_133' title='bbox 1082 3013 1217 3080; x_wconf 82' lang='lat' dir='ltr'>abunde</span> <span class='ocrx_word' id='word_1_134' title='bbox 1249 3013 1346 3080; x_wconf 87' lang='lat' dir='ltr'>nobis</span> <span class='ocrx_word' id='word_1_135' title='bbox 1379 3013 1534 3094; x_wconf 88' lang='lat' dir='ltr'>ignotum</span> 
     </span>
     <span class='ocr_line' id='line_1_19' title="bbox 342 3135 1534 3218; baseline -0.002 -14"><span class='ocrx_word' id='word_1_136' title='bbox 342 3137 521 3204; x_wconf 66' lang='lat' dir='ltr'>tundentis„</span> <span class='ocrx_word' id='word_1_137' title='bbox 556 3137 674 3205; x_wconf 75' lang='lat' dir='ltr'>Graeci</span> <span class='ocrx_word' id='word_1_138' title='bbox 708 3136 833 3204; x_wconf 69' lang='lat' dir='ltr'>saeculi</span> <span class='ocrx_word' id='word_1_139' title='bbox 858 3136 997 3204; x_wconf 74' lang='lat' dir='ltr'>sccunffl</span> <span class='ocrx_word' id='word_1_140' title='bbox 1025 3139 1063 3202; x_wconf 84' lang='lat' dir='ltr'>ct</span> <span class='ocrx_word' id='word_1_141' title='bbox 1092 3135 1308 3218; x_wconf 85' lang='lat' dir='ltr'>sequentium</span> <span class='ocrx_word' id='word_1_142' title='bbox 1339 3152 1406 3201; x_wconf 91' lang='lat' dir='ltr'>non</span> <span class='ocrx_word' id='word_1_143' title='bbox 1436 3135 1534 3202; x_wconf 88' lang='lat' dir='ltr'>modo</span> 
     </span>
     <span class='ocr_line' id='line_1_20' title="bbox 342 3256 1533 3340; baseline 0 -16"><span class='ocrx_word' id='word_1_144' title='bbox 342 3259 435 3325; x_wconf 84' lang='lat' dir='ltr'>cives</span> <span class='ocrx_word' id='word_1_145' title='bbox 452 3276 534 3325; x_wconf 87' lang='lat' dir='ltr'>snos</span> <span class='ocrx_word' id='word_1_146' title='bbox 551 3260 680 3325; x_wconf 83' lang='lat' dir='ltr'>virtute</span> <span class='ocrx_word' id='word_1_147' title='bbox 697 3263 734 3324; x_wconf 88' lang='lat' dir='ltr'>et</span> <span class='ocrx_word' id='word_1_148' title='bbox 752 3257 921 3340; x_wconf 80' lang='lat' dir='ltr'>sapientis</span> <span class='ocrx_word' id='word_1_149' title='bbox 939 3257 1189 3336; x_wconf 83' lang='lat' dir='ltr'>insignissimus</span> <span class='ocrx_word' id='word_1_150' title='bbox 1200 3272 1358 3324; x_wconf 82' lang='lat' dir='ltr'>coronare</span> <span class='ocrx_word' id='word_1_151' title='bbox 1369 3256 1533 3339; x_wconf 80' lang='lat' dir='ltr'>solebant,</span> 
     </span>
     <span class='ocr_line' id='line_1_21' title="bbox 342 3377 1534 3463; baseline -0.003 -16"><span class='ocrx_word' id='word_1_152' title='bbox 342 3380 623 3463; x_wconf 76' lang='lat' dir='ltr'>quemadmodum</span> <span class='ocrx_word' id='word_1_153' title='bbox 642 3380 778 3462; x_wconf 75' lang='lat' dir='ltr'>mepius</span> <span class='ocrx_word' id='word_1_154' title='bbox 795 3379 894 3445; x_wconf 90' lang='lat' dir='ltr'>nobis</span> <span class='ocrx_word' id='word_1_155' title='bbox 911 3382 966 3444; x_wconf 85' lang='lat' dir='ltr'>est</span> <span class='ocrx_word' id='word_1_156' title='bbox 985 3377 1162 3461; x_wconf 81' lang='lat' dir='ltr'>traditum,</span> <span class='ocrx_word' id='word_1_157' title='bbox 1180 3377 1239 3444; x_wconf 85' lang='lat' dir='ltr'>scd</span> <span class='ocrx_word' id='word_1_158' title='bbox 1257 3377 1363 3444; x_wconf 79' lang='lat' dir='ltr'>etiem</span> <span class='ocrx_word' id='word_1_159' title='bbox 1382 3381 1534 3446; x_wconf 87' lang='lat' dir='ltr'>mortuos</span> 
     </span>
     <span class='ocr_line' id='line_1_22' title="bbox 343 3498 1534 3584; baseline -0.003 -16"><span class='ocrx_word' id='word_1_160' title='bbox 343 3517 433 3582; x_wconf 87' lang='lat' dir='ltr'>snos,</span> <span class='ocrx_word' id='word_1_161' title='bbox 475 3518 585 3584; x_wconf 83' lang='lat' dir='ltr'>neque</span> <span class='ocrx_word' id='word_1_162' title='bbox 626 3504 765 3567; x_wconf 82' lang='lat' dir='ltr'>tantum</span> <span class='ocrx_word' id='word_1_163' title='bbox 804 3501 1077 3583; x_wconf 80' lang='lat' dir='ltr'>praestantiores,</span> <span class='ocrx_word' id='word_1_164' title='bbox 1111 3498 1170 3565; x_wconf 85' lang='lat' dir='ltr'>sed</span> <span class='ocrx_word' id='word_1_165' title='bbox 1204 3499 1310 3566; x_wconf 83' lang='lat' dir='ltr'>etiam</span> <span class='ocrx_word' id='word_1_166' title='bbox 1344 3515 1464 3582; x_wconf 85' lang='lat' dir='ltr'>pueros</span> <span class='ocrx_word' id='word_1_167' title='bbox 1497 3501 1534 3566; x_wconf 89' lang='lat' dir='ltr'>et</span> 
     </span>
     <span class='ocr_line' id='line_1_23' title="bbox 344 3620 1487 3704; baseline 0 -17"><span class='ocrx_word' id='word_1_168' title='bbox 344 3620 558 3702; x_wconf 84' lang='lat' dir='ltr'>humillimos,</span> <span class='ocrx_word' id='word_1_169' title='bbox 581 3623 618 3688; x_wconf 92' lang='lat' dir='ltr'>in</span> <span class='ocrx_word' id='word_1_170' title='bbox 639 3622 811 3704; x_wconf 82' lang='lat' dir='ltr'>exsequiis</span> <span class='ocrx_word' id='word_1_171' title='bbox 832 3637 972 3688; x_wconf 78' lang='lat' dir='ltr'>coronae</span> <span class='ocrx_word' id='word_1_172' title='bbox 995 3621 1120 3687; x_wconf 88' lang='lat' dir='ltr'>bonore</span> <span class='ocrx_word' id='word_1_173' title='bbox 1141 3621 1271 3702; x_wconf 83' lang='lat' dir='ltr'>publice</span> <span class='ocrx_word' id='word_1_174' title='bbox 1293 3621 1487 3702; x_wconf 80' lang='lat' dir='ltr'>dignabunt.</span> 
     </span>
    </p>

    <p class='ocr_par' dir='ltr' id='par_1_5' title="bbox 343 3739 1535 4191">
     <span class='ocr_line' id='line_1_24' title="bbox 389 3739 1534 3824; baseline -0.002 -14"><span class='ocrx_word' id='word_1_175' title='bbox 389 3745 463 3810; x_wconf 83' lang='lat' dir='ltr'>&#39;libi</span> <span class='ocrx_word' id='word_1_176' title='bbox 484 3748 599 3810; x_wconf 67' lang='lat' dir='ltr'>tumen</span> <span class='ocrx_word' id='word_1_177' title='bbox 622 3743 751 3824; x_wconf 75' lang='lat' dir='ltr'>effigies</span> <span class='ocrx_word' id='word_1_178' title='bbox 773 3742 865 3822; x_wconf 68' lang='lat' dir='ltr'>baec</span> <span class='ocrx_word' id='word_1_179' title='bbox 888 3759 992 3824; x_wconf 80' lang='lat' dir='ltr'>qnam</span> <span class='ocrx_word' id='word_1_180' title='bbox 1012 3741 1047 3807; x_wconf 91' lang='lat' dir='ltr'>in</span> <span class='ocrx_word' id='word_1_181' title='bbox 1066 3741 1163 3808; x_wconf 90' lang='lat' dir='ltr'>initio</span> <span class='ocrx_word' id='word_1_182' title='bbox 1182 3742 1248 3808; x_wconf 87' lang='lat' dir='ltr'>mci</span> <span class='ocrx_word' id='word_1_183' title='bbox 1268 3739 1534 3810; x_wconf 75' lang='lat' dir='ltr'>commentarioli</span> 
     </span>
     <span class='ocr_line' id='line_1_25' title="bbox 344 3863 1535 3949; baseline 0 -17"><span class='ocrx_word' id='word_1_184' title='bbox 344 3865 599 3948; x_wconf 69' lang='lat' dir='ltr'>imprimendam</span> <span class='ocrx_word' id='word_1_185' title='bbox 630 3865 840 3949; x_wconf 73' lang='lat' dir='ltr'>typographo</span> <span class='ocrx_word' id='word_1_186' title='bbox 862 3863 1033 3947; x_wconf 80' lang='lat' dir='ltr'>mandavi,</span> <span class='ocrx_word' id='word_1_187' title='bbox 1062 3863 1109 3930; x_wconf 85' lang='lat' dir='ltr'>sit</span> <span class='ocrx_word' id='word_1_188' title='bbox 1136 3881 1195 3946; x_wconf 88' lang='lat' dir='ltr'>pro</span> <span class='ocrx_word' id='word_1_189' title='bbox 1216 3881 1337 3932; x_wconf 81' lang='lat' dir='ltr'>corone</span> <span class='ocrx_word' id='word_1_190' title='bbox 1359 3865 1535 3932; x_wconf 74' lang='lat' dir='ltr'>honoreris</span> 
     </span>
     <span class='ocr_line' id='line_1_26' title="bbox 343 3985 1535 4070; baseline -0.001 -16"><span class='ocrx_word' id='word_1_191' title='bbox 343 3988 387 4054; x_wconf 77' lang='lat' dir='ltr'>ab</span> <span class='ocrx_word' id='word_1_192' title='bbox 416 3985 535 4054; x_wconf 84' lang='lat' dir='ltr'>humili</span> <span class='ocrx_word' id='word_1_193' title='bbox 563 3989 710 4070; x_wconf 79' lang='lat' dir='ltr'>quodam</span> <span class='ocrx_word' id='word_1_194' title='bbox 747 3987 783 4049; x_wconf 73' lang='lat' dir='ltr'>iz</span> <span class='ocrx_word' id='word_1_195' title='bbox 812 4009 867 4049; x_wconf 75' lang='lat' dir='ltr'>m</span> <span class='ocrx_word' id='word_1_196' title='bbox 882 3985 979 4058; x_wconf 68' lang='lat' dir='ltr'>’cmv</span> <span class='ocrx_word' id='word_1_197' title='bbox 1001 3985 1290 4066; x_wconf 76' lang='lat' dir='ltr'>areboeolcgornm</span> <span class='ocrx_word' id='word_1_198' title='bbox 1314 3991 1535 4054; x_wconf 86' lang='lat' dir='ltr'>monumento</span> 
     </span>
     <span class='ocr_line' id='line_1_27' title="bbox 344 4105 1481 4191; baseline -0.001 -16"><span class='ocrx_word' id='word_1_199' title='bbox 344 4107 447 4175; x_wconf 75' lang='lat' dir='ltr'>affixe</span> <span class='ocrx_word' id='word_1_200' title='bbox 468 4108 557 4191; x_wconf 86' lang='lat' dir='ltr'>qnod</span> <span class='ocrx_word' id='word_1_201' title='bbox 581 4107 716 4175; x_wconf 77' lang='lat' dir='ltr'>Nestori</span> <span class='ocrx_word' id='word_1_202' title='bbox 738 4125 801 4174; x_wconf 76' lang='lat' dir='ltr'>no</span> <span class='ocrx_word' id='word_1_203' title='bbox 822 4109 903 4174; x_wconf 79' lang='lat' dir='ltr'>vivo</span> <span class='ocrx_word' id='word_1_204' title='bbox 924 4106 1077 4189; x_wconf 87' lang='lat' dir='ltr'>philologi</span> <span class='ocrx_word' id='word_1_205' title='bbox 1101 4105 1128 4170; x_wconf 78' lang='lat' dir='ltr'>oi</span> <span class='ocrx_word' id='word_1_206' title='bbox 1152 4105 1268 4186; x_wconf 63' lang='lat' dir='ltr'>Apum</span> <span class='ocrx_word' id='word_1_207' title='bbox 1289 4111 1481 4176; x_wconf 70' lang='lat' dir='ltr'>metunt</span> 
     </span>
    </p>
   </div>
   <div class='ocr_carea' id='block_1_4' title="bbox 0 0 2071 6144">
    <p class='ocr_par' dir='ltr' id='par_1_6' title="bbox 0 0 2071 6144">
     <span class='ocr_line' id='line_1_28' title="bbox 0 0 2071 6144; baseline 0 0"><span class='ocrx_word' id='word_1_208' title='bbox 0 0 2071 6144; x_wconf 95' lang='lat' dir='ltr'> </span> 
     </span>
    </p>
   </div>
  </div>
 </body>
</html>
