3848 6006
928 807 995 874 224

364 987 474 1070 digna,
504 992 542 1057 at
571 988 688 1056 eadem
718 989 917 1072 turpissima
943 993 979 1057 et
1000 989 1085 1058 artis
1109 989 1231 1057 misere
1252 989 1442 1058 aberrantis
1465 989 1561 1057 docu-

364 1113 532 1178 mentum.
563 1110 691 1196 Nempe
723 1111 879 1179 Titianus
907 1111 1065 1189 fabulam,
1097 1129 1183 1194 quae
1212 1115 1268 1178 est
1298 1111 1339 1178 de
1367 1110 1502 1178 Danaes
1524 1112 1561 1177 et

363 1232 455 1299 Iovis
486 1233 666 1318 amoribus,
702 1234 834 1316 pictura
867 1233 970 1302 talem
1005 1233 1149 1302 reddidit
1180 1234 1314 1318 qualem
1346 1236 1462 1300 mente
1495 1231 1560 1299 sibi

364 1354 616 1433 informaverat,
647 1355 751 1423 talem
781 1355 914 1439 qualem
944 1357 1115 1425 didicerat.
1146 1355 1311 1438 Allegoria
1338 1354 1505 1438 quaedam
1528 1355 1560 1422 ei

364 1476 439 1542 visa
468 1478 523 1542 est
554 1476 693 1544 minime
716 1479 874 1560 obscura;
897 1480 1039 1562 putabat
1061 1478 1169 1562 lepide
1191 1479 1240 1546 sio
1263 1493 1463 1561 expressum
1486 1492 1560 1544 esee

363 1596 397 1665 id
425 1597 513 1681 qnod
543 1598 618 1665 vita
646 1597 751 1666 nimis
779 1616 879 1683 saepe
902 1599 1012 1668 docet:
1037 1599 1224 1684 plurimum
1245 1596 1357 1665 valere
1379 1599 1560 1681 pecuniam

363 1719 405 1787 ad
422 1719 593 1802 virginum
609 1720 770 1802 pudorem
785 1721 1065 1789 labefactandum.
1081 1722 1189 1804 Quam
1204 1719 1444 1813 sententiolam
1460 1723 1561 1803 poeta

362 1840 490 1925 lyricus
520 1842 622 1909 tersis
653 1842 828 1910 versiculis
856 1843 915 1910 sed
945 1844 988 1911 ad
1019 1843 1154 1911 Pindari
1184 1842 1389 1927 gravitatem
1416 1841 1560 1910 minime

362 1962 598 2030 accedentibus
621 1962 671 2031 sio
692 1964 880 2048 expressit:

543 2118 561 2158 a
589 2085 761 2153 Inclusam
784 2085 921 2155 Danaen
945 2086 1051 2154 turris
1073 2086 1203 2154 ahenea

590 2205 827 2290 Robustaeque
850 2208 937 2274 iores
959 2209 996 2274 et
1018 2206 1160 2289 vigilum
1181 2222 1307 2273 canum

590 2327 719 2395 Tristes
742 2329 902 2397 excubiae
924 2327 1119 2396 munierant
1141 2326 1229 2395 satis

635 2448 820 2518 Nocturnis
842 2450 885 2518 ab
909 2448 1081 2532 adulteris,

590 2572 625 2640 Si
648 2590 716 2640 non
738 2573 911 2640 Acrisium
934 2572 1076 2654 virginis
1099 2572 1233 2640 abditae

588 2694 772 2762 Custodem
794 2694 955 2778 pavidum
976 2694 1128 2779 Iuppiter
1149 2697 1185 2762 et
1207 2693 1325 2761 Venus

590 2816 777 2883 Risissent:
801 2816 870 2884 lore
892 2816 984 2884 enim
1008 2820 1126 2885 tutum
1148 2818 1214 2884 iter
1235 2819 1271 2884 et
1292 2820 1414 2899 patens

635 2938 804 3007 Converso
825 2938 861 3005 in
884 2939 1034 3022 pretium
1057 2937 1135 3006 deol

407 3061 520 3129 Etiam
550 3062 702 3146 apertius
731 3062 894 3144 novisque
923 3061 1048 3129 additis
1071 3063 1250 3142 verborum
1272 3061 1424 3130 artificiis
1447 3065 1552 3146 poeta

362 3181 548 3251 Amorum:

496 3305 648 3390 Iuppiter
669 3305 866 3375 admonitus
888 3304 971 3373 nihil
993 3323 1069 3374 esse
1093 3305 1266 3389 potentiue
1288 3323 1370 3375 auro

542 3427 725 3512 corruptae
748 3427 896 3512 pretium
918 3427 1060 3510 virginis
1082 3427 1154 3511 ipse
1177 3427 1252 3496 init

496 3548 587 3617 Dum
610 3567 738 3618 meroes
760 3551 886 3635 aberat,
915 3551 1021 3618 durus
1044 3555 1150 3634 pater,
1175 3551 1249 3634 ipsa
1271 3567 1400 3635 severa,

541 3672 660 3740 Aerati
682 3677 808 3757 postes,
831 3674 938 3741 ferrea
961 3673 1066 3741 turris
1087 3677 1175 3741 erat:

496 3793 561 3860 Sed
585 3797 765 3878 postquam
787 3796 923 3878 sapiens
946 3795 981 3862 in
1004 3812 1145 3863 munera
1168 3794 1266 3863 venit
1287 3793 1427 3880 admter,

542 3917 701 3985 Praebuit
723 3917 796 4001 ipsa
818 3917 915 3985 sinus
937 3922 973 3986 et
994 3918 1073 3985 dare
1095 3918 1190 3985 iussa
1211 3915 1314 3984 dedit.

406 4039 456 4105 En
487 4039 650 4106 habemus
672 4039 816 4122 puellam
838 4039 993 4108 venalem
1015 4039 1046 4106 si
1070 4040 1167 4107 modo
1186 4042 1352 4107 emtorem
1374 4039 1561 4121 invenerit,

360 4160 525 4227 habemus
547 4160 725 4227 moechum
750 4160 951 4228 munuscula
972 4165 1009 4228 et
1031 4177 1190 4227 nummos
1212 4160 1428 4227 afferentem:
1450 4165 1561 4244 aptus

360 4280 413 4348 hic
443 4284 498 4348 est
527 4281 620 4349 locus
650 4282 746 4350 lenae
776 4301 898 4350 aurum
927 4282 1090 4366 captanti.
1120 4282 1267 4350 Pecunia
1297 4281 1462 4360 videlicet,
1487 4301 1560 4352 non

359 4403 475 4486 pluvia
505 4407 661 4486 corrupta
690 4406 745 4470 est
775 4405 869 4485 virgo
898 4404 963 4488 illa,
994 4420 1081 4487 quae
1111 4403 1243 4470 tamdiu
1274 4403 1403 4470 mansit
1433 4403 1561 4485 pudica

252 4614 255 4619 .
359 4525 519 4608 quamdiu
543 4543 643 4593 nemo
665 4525 773 4593 adluit
795 4526 853 4608 qui
875 4526 1137 4608 corrumpendae
1160 4525 1285 4592 iaceret
1308 4522 1506 4607 periculum.

405 4646 521 4729 Usque
540 4647 665 4713 adeone
684 4647 855 4730 deturpari
874 4647 985 4730 potuit
1004 4646 1116 4713 sabula
1136 4645 1249 4727 gravis
1268 4648 1304 4712 et
1322 4645 1449 4722 decora,
1469 4664 1562 4729 quae

359 4773 433 4835 erat
456 4768 497 4834 de
517 4769 624 4850 patris
642 4767 796 4836 caelestis
815 4786 894 4835 cum
914 4773 1003 4835 terra
1023 4771 1133 4835 matre
1153 4768 1300 4850 nuptiisl
1325 4768 1441 4836 Potuit
1460 4786 1561 4848 sane,
