4144 6154
848 977 912 1044 431

285 1181 362 1247 pare
384 1161 475 1245 dpiri
499 1177 622 1228 nomen
645 1177 748 1228 suum
770 1161 924 1242 traxerit,
948 1158 1145 1242 geographie
1168 1175 1304 1241 prorsus
1323 1157 1478 1237 ignotum

285 1287 356 1362 eet;
376 1287 495 1351 contra
513 1281 740 1350 nobilissimus
758 1283 879 1364 amnia,
898 1281 956 1365 qui
974 1298 994 1348 e
1009 1279 1132 1348 Laomo
1147 1281 1258 1348 oriens
1269 1279 1480 1363 Apolloniam

286 1405 555 1489 praeterfluebat,
592 1403 729 1472 Graecia
762 1403 922 1472 audiebat
955 1403 1059 1471 Aoue.
1095 1403 1169 1470 Iam
1200 1402 1241 1470 de
1271 1402 1345 1470 Aoo
1366 1419 1480 1469 rerum

286 1525 483 1610 scriptorem
520 1526 574 1593 hic
604 1527 707 1594 verba
735 1525 845 1592 iacere
874 1525 976 1607 probe
1007 1525 1249 1594 intellexerunt
1279 1525 1415 1609 quidem
1445 1525 1483 1591 ot

287 1647 538 1716 Rawlinsonius
568 1647 603 1715 in
633 1647 885 1716 commentariis
915 1648 988 1715 suis
1011 1650 1048 1714 et
1070 1647 1306 1715 Buerchnerue
1327 1647 1364 1713 in
1385 1664 1482 1732 ency-

286 1770 463 1854 clopnedia,
483 1787 586 1853 quam
605 1774 704 1854 parat
722 1769 903 1852 Wissowa
928 1787 955 1837 s.
969 1787 1001 1836 v.
1023 1769 1127 1848 Ohon,
1147 1769 1206 1837 sad
1224 1772 1346 1836 neuter
1364 1772 1482 1837 tamen

286 1909 391 1959 ausus
421 1895 477 1958 eet
505 1891 576 1959 loco
605 1891 793 1959 Herodoteo
815 1890 1007 1958 moillimam
1029 1907 1133 1972 quam
1156 1889 1295 1973 requirit
1317 1890 1481 1958 modelam

287 2013 426 2081 adferre.
460 2013 537 2080 Iure
571 2031 653 2081 sane
686 2016 827 2096 quaerat
859 2013 1039 2096 quispiam,
1072 2030 1092 2079 e
1123 2029 1189 2095 quo
1219 2012 1358 2079 tandem
1387 2012 1482 2080 fonte

287 2135 425 2202 duxerit
447 2135 480 2202 id
498 2135 587 2218 quod
606 2152 698 2202 nunc
715 2135 881 2218 scriptum
900 2137 998 2201 extat
1016 2134 1104 2218 apud
1124 2135 1383 2216 Theognostum.
1395 2133 1483 2202 Puto

287 2273 331 2325 ex
364 2257 427 2324 hoo
456 2256 530 2340 ipeo
558 2256 629 2324 ioco
659 2256 821 2324 Herodoti
851 2255 938 2324 male
961 2256 1095 2338 habito;
1118 2273 1236 2324 vocem
1257 2255 1351 2323 enim
1370 2253 1482 2335 Ἀοον,

288 2379 426 2463 quaein
447 2377 573 2445 nostrie
591 2376 758 2444 codicibus
777 2377 958 2462 intercidit,
970 2378 1161 2461 antiquitus
1172 2377 1323 2461 auspicor
1334 2377 1483 2460 primum

288 2499 325 2566 in
356 2504 449 2578 κῆον,
479 2498 598 2566 deinde
628 2499 665 2565 in
696 2498 786 2563 xtra
813 2498 946 2566 abiisse.
970 2498 1062 2566 Utut
1084 2501 1147 2583 eet,
1172 2498 1342 2566 Herodoto
1364 2499 1483 2582 utique

288 2620 492 2688 reddendum
514 2621 651 2688 videtur
672 2619 759 2703 quod
778 2620 891 2702 procul
909 2620 1009 2688 dubio
1029 2621 1101 2704 ipse
1120 2620 1275 2688 dederat:
1287 2618 1484 2701 οορὶἌοοο

289 2740 443 2821 ποταμόν.

334 2865 459 2932 Eadem
481 2880 581 2946 opera
602 2863 707 2930 otiam
730 2861 829 2930 aliam
850 2861 970 2930 Steinii
988 2863 1217 2932 coniecturam
1238 2867 1356 2932 notare
1374 2865 1482 2949 iuvat,

289 3004 355 3071 qua
384 2986 529 3052 eundem
558 2985 668 3052 locum
698 2983 909 3052 deformavit.
943 2984 1144 3052 cumcuim
1168 2986 1360 3054 Herodotus
1383 2988 1483 3055 tradi·

289 3108 396 3175 disset
417 3108 530 3175 Aoum
552 3107 655 3174 fluere
677 3104 729 3171 διὸ
752 3112 808 3178 τῆς
830 3103 1041 3182 Ἀπολλωνίης
1061 3111 1173 3192 χῶρος,
1194 3107 1344 3177 Sicinius
1365 3109 1485 3177 ultimo

291 3229 450 3297 vocabulo
488 3232 664 3312 tamquam
703 3228 816 3311 spurio
854 3228 987 3296 sublato
1021 3230 1219 3312 scriptorem
1254 3247 1391 3298 amnem
1424 3246 1484 3314 per

291 3353 436 3421 mediam
466 3352 585 3421 urbem
607 3351 709 3419 fluere
731 3350 898 3418 dicentem
920 3351 1012 3418 iacit.
1035 3351 1225 3436 Perperam.
1249 3352 1369 3420 Strabo
1391 3352 1481 3419 enim

292 3475 367 3552 viI,
391 3474 457 3553 5,8
480 3473 605 3540 diserte
627 3474 777 3539 testatur
799 3471 912 3539 Aoum
936 3473 1023 3540 satis
1046 3491 1170 3556 magno
1188 3472 1365 3542 intervallo
1384 3473 1483 3556 Apol-

291 3595 415 3663 loniam
446 3593 738 3677 praeterfluxisse:
752 3641 760 3658 .
775 3587 872 3658 ..εἶθ’
905 3593 920 3659 ὃ
949 3596 1054 3676 Ἄψος
1086 3593 1228 3671 ποταμὸς
1260 3593 1313 3660 xci
1338 3593 1483 3676 δ’Λοος,

293 3715 345 3796 ἔφ’
367 3710 388 3796 ὦ
408 3713 608 3781 Ἀπολλωνία
628 3713 718 3786 πόλις
739 3712 937 3790 εὖνομοτὶοη
952 3761 960 3780 .
974 3763 982 3781 .
997 3761 1005 3781 .
1018 3719 1073 3781 τοῦ
1086 3719 1230 3792 ποταμοῦ
1246 3715 1305 3793 μὲν
1316 3714 1484 3796 ἆπὶχουοο

293 3838 435 3911 σταδίους
458 3837 535 3903 tina
558 3850 628 3902 κτο.
652 3837 786 3920 Optime
808 3836 913 3917 igitur
935 3837 1026 3905 inter
1047 3855 1085 3905 se
1107 3839 1290 3905 concinunt
1306 3837 1485 3907 Strabonis

293 3963 329 4028 et
351 3960 512 4029 Herodoti
534 3962 654 4043 verba;
678 3958 801 4042 quibus
817 3957 848 4025 ei
869 3957 984 4042 credie,
1005 3957 1057 4026 fac
1075 3958 1204 4027 Steinio
1216 3958 1483 4040 ddemdenegee.
