3848 6006
856 1706 1053 1787 Ἀτακτα.

911 1919 1022 1956 801ῐῆῐῖ

798 2069 843 2135 Η.
872 2067 904 2135 J.
934 2068 1123 2135 POLAK.

413 2502 703 2587 circumspicienti
722 2503 816 2588 mihi,
835 2503 1020 2571 clarissime
1040 2503 1180 2589 Nubere,
1201 2505 1360 2588 quidnam
1381 2505 1456 2572 'libi
1475 2508 1560 2572 octa·

366 2625 536 2708 gesimum
560 2625 650 2691 diem
680 2624 827 2693 natalem
858 2625 952 2693 brevi
974 2625 1179 2693 celebraturo
1203 2627 1238 2694 in
1262 2628 1335 2693 eius
1358 2628 1423 2694 diei
1446 2629 1562 2695 solem·

367 2748 477 2815 nitate
508 2746 701 2814 munusculi
725 2751 763 2814 et
788 2748 861 2831 ipse
884 2748 1048 2825 offerrem,
1071 2748 1133 2816 hoc
1156 2749 1276 2815 statim
1300 2750 1388 2833 apud
1412 2765 1466 2815 me
1489 2766 1562 2817 con·

366 2868 470 2946 stitit,
490 2867 680 2951 eligendum
698 2885 774 2936 esse
792 2867 926 2952 aliquid,
945 2869 1103 2952 quamvis
1114 2869 1254 2955 sitione,
1268 2886 1312 2936 ex
1323 2887 1362 2937 ao
1374 2870 1561 2938 studiorum

366 3006 488 3073 genere
516 2989 606 3072 quod
637 2989 689 3058 Tu
719 3006 787 3057 non
817 2989 953 3073 quidam
984 2989 1083 3058 unice
1106 2990 1329 3073 amplecteris,
1355 3027 1388 3039 -
1414 2992 1562 3059 multum

365 3113 474 3190 abest,
497 3146 530 3160 -
557 3111 616 3179 sed
646 3113 683 3179 in
712 3129 778 3194 quo
808 3115 925 3180 tamon
957 3130 1017 3195 per
1046 3112 1223 3194 sexaginta
1253 3113 1321 3180 sere
1351 3131 1459 3181 annos
1482 3131 1562 3196 prae

362 3233 487 3302 ceteris
507 3232 702 3315 disciplinae
726 3236 863 3302 nostrae
884 3234 1067 3317 provinciis
1090 3235 1140 3300 ita
1162 3239 1320 3302 versatus
1342 3235 1562 3312 cantianella

363 3357 526 3440 appareat
552 3358 720 3438 quantum
751 3356 782 3423 ei
813 3355 849 3422 in
880 3357 954 3424 toto
980 3356 1171 3423 litterarum
1194 3355 1408 3423 colendarum
1430 3357 1561 3424 ambitu

363 3478 512 3546 tribuere
533 3476 652 3545 soleas.
677 3476 837 3546 criticam
859 3478 932 3546 dico
954 3497 1057 3562 quam
1080 3480 1340 3547 coniecturalem
1364 3481 1496 3563 vocant,
1526 3479 1561 3545 in

364 3599 463 3668 cuius
498 3599 705 3684 principibus
747 3599 804 3667 diu
847 3604 901 3668 ost
941 3603 1028 3684 quod
1071 3620 1137 3669 non
1177 3603 1385 3670 nostratium
1424 3605 1562 3668 tantum

363 3721 485 3789 iudicio
514 3721 714 3789 numeraris.
745 3720 987 3790 calamitosam
1015 3726 1238 3801 vernantem,
1262 3724 1562 3807 quamincrepant

364 3845 403 3910 et
424 3843 549 3911 rodunt
570 3861 698 3929 omnes,
723 3860 858 3927 semper
875 3862 914 3912 eo
932 3844 1102 3912 redactam
1122 3848 1212 3912 ut-
1230 3846 1316 3930 quod
1336 3844 1562 3912 Ruhnkenius

364 3962 507 4050 dicebat,
524 4000 557 4015 -
577 3967 696 4032 contra
718 3967 962 4033 obtrectatores
985 3965 1214 4032 innocentiam
1236 3966 1324 4032 tueri
1347 3984 1445 4033 auam
1469 3981 1561 4046 coga-

364 4089 433 4152 tur.
456 4085 540 4154 Post
559 4086 801 4154 Ruhnkenium
821 4086 1167 4170 Valckenaeriumqua
1187 4089 1348 4156 cobetum
1368 4087 1562 4154 audivimus

365 4207 584 4289 defensorem,
613 4209 807 4275 audivimus
829 4209 929 4293 alios;
954 4208 1033 4291 quid
1057 4209 1208 4291 profuit?
1232 4210 1378 4276 Multum
1400 4210 1498 4276 abest
1522 4211 1563 4274 ut

365 4329 420 4400 vel
450 4327 486 4394 hi
515 4345 655 4396 caueam
686 4329 907 4398 obtinuerint.
941 4329 1027 4413 Quin
1057 4331 1163 4397 immo
1192 4332 1255 4398 hae
1277 4334 1484 4413 tempestate
1507 4348 1562 4397 ars

364 4450 420 4519 illa
441 4450 523 4519 adeo
546 4451 670 4535 sordet,
690 4452 811 4519 utrix
830 4454 1010 4536 quisquam
1029 4471 1066 4520 se
1086 4453 1241 4520 criticum
1261 4454 1408 4536 profiteri
1429 4454 1561 4520 audeat.

365 4571 449 4640 Nolo
479 4589 739 4641 commemorare
770 4574 861 4642 viros
891 4575 1055 4657 quosdam
1079 4575 1193 4641 doctos
1216 4591 1259 4641 ex
1283 4575 1408 4641 nostris
1432 4575 1562 4652 vicinis,

364 4693 513 4760 iuniores
536 4693 653 4776 opinor
675 4692 848 4777 plerosque
870 4696 907 4760 et
928 4694 1117 4762 sordidioris
1141 4695 1277 4778 ingenii,
1301 4697 1358 4777 qui
1381 4695 1505 4762 librum
1526 4697 1561 4762 in

365 4818 483 4882 nostra
504 4816 579 4881 arte
600 4817 800 4882 versantem
822 4814 870 4881 ita
891 4815 1030 4882 demum
1054 4833 1091 4882 se
1111 4815 1266 4886 laudasse
1286 4819 1480 4900 autumant,
1504 4817 1561 4887 ubi
