4128 6144
889 969 954 1039 227

321 1150 429 1218 116611
447 1168 578 1234 quoque
596 1152 801 1236 pudicitiam.
823 1151 953 1236 Depicti
972 1171 1103 1238 quoque
1123 1160 1207 1222 sunt
1224 1155 1356 1224 Danaes
1371 1159 1409 1223 et
1426 1157 1516 1223 Iovis

319 1288 451 1340 amores
470 1273 589 1340 multis
607 1275 749 1342 saeculis
766 1279 847 1343 ante
862 1276 1045 1359 Titianum,
1062 1278 1273 1344 recordamur
1288 1278 1380 1346 enim
1397 1280 1515 1346 comici

320 1391 443 1477 latini,
466 1394 525 1478 qui
547 1394 730 1466 Chaeream
753 1414 856 1464 suum
878 1396 961 1465 haec
984 1397 1063 1465 fecit
1086 1403 1300 1466 narrantem:

504 1515 691 1602 (balneum)
713 1516 796 1585 dum
817 1522 1009 1604 apparatur,
1035 1519 1129 1601 virgo
1151 1519 1186 1587 in
1210 1520 1359 1588 conclavi
1384 1522 1492 1600 sedet,

365 1633 573 1720 Suspectans
602 1639 754 1707 tabulam
784 1641 954 1724 quandam
985 1642 1121 1726 pictam,
1152 1640 1211 1710 ubi
1241 1641 1352 1709 inerat
1381 1642 1514 1724 pictura

1276 1747 1377 1830 [haec
1398 1748 1512 1815 Iovem

364 1862 435 1944 Quo
457 1867 556 1949 pacto
579 1863 714 1935 Danaae
737 1865 872 1936 misisse
893 1866 992 1935 aiunt
1012 1867 1182 1951 quondam
1204 1867 1241 1935 in
1266 1869 1432 1949 gremium
1452 1869 1512 1935 im·

1230 1973 1336 2053 [brem
1360 1991 1511 2042 aureum.

363 2091 505 2173 ugomet
522 2109 653 2177 quoque
671 2093 704 2162 id
721 2097 872 2179 spectare
887 2095 996 2182 coepi:
1013 2099 1050 2163 et
1063 2095 1144 2179 quia
1160 2094 1368 2163 consimilem
1383 2095 1511 2173 luserat

363 2211 434 2280 Iam
451 2213 532 2281 olim
549 2213 603 2282 ille
620 2214 749 2301 ludum,
767 2214 937 2299 impendio
955 2218 1064 2299 magis
1080 2216 1215 2285 animus
1232 2217 1400 2298 gaudebat
1416 2217 1507 2302 mibi,

362 2332 471 2402 Deum
494 2353 569 2404 sese
591 2335 627 2403 in
651 2335 794 2405 imbrem
815 2338 1034 2421 convertisse,
1059 2341 1095 2406 nt
1118 2355 1176 2421 per
1196 2337 1325 2406 alienas
1348 2338 1480 2420 tegulas

361 2457 504 2524 Venisse
525 2457 730 2526 clanculum:
753 2458 985 2542 perplurium
1008 2460 1125 2527 fucum
1147 2460 1276 2528 iactum
1300 2460 1442 2529 mulieri.

361 2578 410 2645 61
431 2596 532 2663 quem
556 2580 674 2648 deumi
698 2581 756 2665 qui
778 2581 906 2664 templa
927 2580 1010 2650 caeli
1028 2597 1163 2650 summo
1182 2583 1298 2650 sonitu
1317 2584 1485 2650 concutit!

361 2701 430 2784 ago
451 2701 630 2770 homuncio
652 2702 714 2770 hoc
737 2719 805 2771 non
827 2701 989 2772 fecerim?
1012 2703 1082 2786 ago
1105 2720 1185 2772 vero
1207 2701 1286 2770 illud
1311 2704 1446 2772 16161116
1468 2723 1508 2772 66

1358 2809 1507 2892 [lubensi

360 2928 451 3008 Quae
473 2933 556 3016 quin
578 2950 598 3000 a
622 2932 802 3001 Menandro
824 2931 979 3001 duxhset
1002 2931 1189 3015 terentius,
1213 2949 1313 3000 nemo
1332 2935 1373 2998 61
1390 2933 1507 3015 opinor

313 3053 483 3122 dubitarit
505 3071 667 3138 unquam,
691 3071 782 3122 nunc
799 3055 916 3122 autem
935 3053 1039 3136 digito
1057 3052 1196 3121 indicari
1215 3056 1329 3136 potest
1346 3053 1423 3120 fons
1440 3053 1505 3136 ille,

311 3192 414 3259 quem
447 3176 591 3244 antehac
625 3175 880 3260 suspicabamur
914 3179 1063 3243 tantum.
1106 3173 1195 3242 Nam
1229 3174 1296 3242 atsi
1332 3175 1505 3242 Menandri

312 3297 425 3366 fabula
446 3315 497 3378 ea,
519 3313 623 3381 quam
642 3297 678 3364 in
701 3297 863 3365 Eunucho
885 3299 1024 3366 secutus
1045 3299 1099 3363 ost
1119 3295 1267 3363 comicus
1284 3294 1440 3380 Latinus,
1460 3296 1503 3362 ad

312 3435 375 3486 nos
405 3435 472 3488 non
495 3419 661 3503 pervenit,
683 3422 722 3486 at
743 3435 864 3486 versus
885 3416 1073 3486 simillimos
1097 3418 1165 3484 iam
1187 3417 1348 3500 praebent
1369 3415 1503 3484 Samiae

312 3540 532 3610 Menandreae
564 3539 764 3622 fragmenta,
798 3555 885 3622 quae
919 3556 997 3606 cum
1026 3538 1170 3607 aliarum
1198 3537 1388 3606 fabularum
1419 3537 1502 3618 frag-

310 3663 437 3729 mentis
474 3679 582 3746 nuper
617 3661 815 3729 Leieburius
850 3660 1043 3728 felicissimo
1077 3659 1233 3728 acumine
1266 3659 1424 3741 indagata
1458 3677 1501 3726 ex

310 3784 459 3869 Aegypti
484 3784 597 3852 arenis
617 3783 794 3868 protraxit.
818 3783 962 3850 Demeae
984 3783 1048 3850 viri
1070 3783 1187 3850 divitis
1209 3782 1298 3849 filius
1320 3782 1502 3866 adoptivus

309 3908 457 3990 corrupit
487 3906 634 3975 Nicerati
663 3905 811 3974 hominis
840 3905 997 3988 pauperis
1027 3904 1063 3971 16
1093 3903 1231 3972 aedibus
1262 3903 1381 3970 vicinis
1411 3904 1502 3971 habi·

308 4029 418 4097 tantis
448 4027 562 4112 filiam,
590 4044 677 4111 quae
704 4027 842 4109 gravida
873 4026 964 4094 iacta
994 4028 1048 4093 est
1077 4027 1114 4091 et
1144 4042 1251 4108 nuper
1281 4041 1422 4108 puerum
1445 4030 1501 4093 est

307 4147 426 4234 enixa;
446 4165 500 4216 ree
517 4147 762 4231 aliquantisper
779 4149 834 4214 aet
852 4145 970 4225 celata¹
990 4146 1059 4212 iam
1078 4161 1158 4212 vero
1173 4151 1381 4229 compertum
1398 4149 1500 4216 habet

309 4267 485 4336 Niceratus
514 4267 620 4336 tiliam
646 4286 745 4336 suam
768 4270 945 4352 peperisse,
969 4268 1027 4335 sed
1050 4284 1072 4334 a
1094 4285 1161 4351 quo
1182 4285 1375 4352 compressa
1397 4271 1500 4338 fuerit

308 4391 425 4458 nescit.
449 4390 572 4458 Furore
595 4389 763 4474 percitum
785 4389 909 4456 Demea
931 4390 980 4456 ita
1002 4387 1118 4456 sedare
1141 4393 1299 4457 conatur:

833 4527 972 4574 nuum.

1047 4589 1178 4656 caserta
1201 4589 1360 4670 ἁνᾶλαβε.

420 4698 472 4767 οὐκ
496 4697 633 4774 axiacae
657 4696 821 4783 tardares,
844 4696 912 4764 6111
934 4721 997 4776 μοι,
1022 4695 1190 4778 Νικῆριτε,

419 4808 478 4872 τῶν
503 4805 664 4888 τραγῳδῶν
687 4805 725 4879 ὥς
750 4804 910 4885 γενόμενος
935 4802 1048 4884 χρυσὸς
1072 4801 1087 4869 ὃ
1111 4803 1186 4876 Ζεὺς
1211 4801 1294 4884 ἐρρύη

418 4911 469 4979 dra
492 4909 614 4997 strove,
640 4908 918 4994 surripuisset}
942 4909 1030 4975 παῖδ’
1056 4909 1239 4992 ἐμοίχευτεν
1262 4908 1381 4994 λάθρῃ
