4070 6138
823 955 872 1028 ppw

251 1143 521 1211 senteutiasola
543 1143 666 1212 eadam-
682 1147 746 1227 est,
772 1145 874 1212 rerba
897 1147 1087 1213 mutantur.
1111 1146 1304 1215 Notandum
1327 1150 1443 1214 tamm

252 1263 286 1330 in
316 1263 438 1346 Gorgia
467 1264 596 1347 dialogo
612 1265 667 1332 de
696 1264 844 1334 Socratis
866 1267 988 1334 iudicio
1011 1268 1044 1334 id
1066 1269 1179 1350 ipsum
1203 1269 1350 1349 imagine
1373 1285 1443 1351 pro

251 1385 400 1468 positum
430 1401 507 1453 esse
536 1387 623 1470 quod
653 1387 889 1471 velutraapee
912 1388 947 1455 in
971 1389 1133 1472 Apologia
1154 1395 1296 1471 agatur·
1310 1391 1381 1472 Quo
1404 1390 1444 1457 dt

252 1510 294 1573 ut
314 1523 393 1573 cum
417 1507 558 1590 Gorgias
577 1509 726 1590 dialogus
744 1527 788 1576 ex
807 1509 969 1592 Apologia
984 1511 1185 1598 explicatur,
1206 1513 1311 1579 etiam
1331 1512 1444 1596 ipsum

251 1626 293 1693 ad
315 1627 511 1710 Apologiam
537 1629 634 1713 plene
656 1631 915 1712 intellegendam
938 1631 1094 1698 adbibere
1117 1649 1254 1700 necesse
1277 1634 1334 1703 sit.

267 1769 278 1792 -·
295 1748 440 1817 Omissis
460 1751 568 1832 igitur
587 1743 641 1818 bis
662 1751 802 1835 allisque
825 1751 992 1819 similibus
1005 1750 1097 1821 locis
1120 1754 1445 1822 examinemus'dili·

253 1871 387 1950 genum
408 1881 617 1956 quos'supra
640 1874 792 1941 numeris
814 1874 967 1941 distinxi.
993 1874 1056 1956 Qui
1078 1875 1148 1941 fleri
1170 1877 1282 1958 potuit
1300 1879 1340 1943 ιιι
1358 1893 1445 1959 quae

255 1987 407 2062 Socrates
426 1994 461 2061 iu
484 1993 676 2062 detonsione
699 1995 850 2077 dixisset,
875 1994 910 2061 in
930 1995 1070 2076 dialogis
1088 1995 1186 2063 Plato
1205 1995 1446 2080 repetivisset?

254 2111 339 2180 Cum
357 2115 561 2198 proesenm·
573 2131 645 2188 non,
661 2115 988 2184 doctrinae'alicuius
1003 2117 1251 2200 philosophicae
1265 2117 1453 2200 particulae

253 2234 598 2322 iis-demonstrentur,
618 2237 677 2304 sed
697 2237 812 2321 potius
829 2237 977 2304 iocorum
990 2237 1064 2304 vice
1079 2237 1267 2320 iungantur
1281 2237 1447 2321 imprimis

254 2373 340 2440 quae
356 2357 398 2424 de
416 2359 703 2444 sophistlsdeque
721 2357 979 2427 vatioluisdielt
998 2369 1151 2428 uec'vero
1162 2360 1276 2441 magni
1292 2360 1447 2442 ponderis

254 2479 338 2547 sint-
356 2480 533 2551 Platonem
547 2497 588 2548 ea
602 2481 693 2551 dicte
707 2497 749 2548 ex
764 2481 916 2549 oratioue
931 2481 1083 2562 magistri
1098 2482 1280 2548 memoriae
1295 2481 1448 2549 infixisse

255 2601 363 2669 etad
387 2603 529 2669 verbum
551 2603 585 2670 iu
610 2603 750 2685 propriis
771 2597 1047 2686 'scriptis-postea
1070 2602 1279 2685 expressisse
1301 2620 1371 2670 non
1394 2606 1449 2671 est

254 2723 417 2794 credibile
440 2724 563 2809 Itaque
578 2740 601 2796 a
619 2726 757 2794 Socrate
777 2724 975 2793 P-lutobaec
993 2728 1174 2793 mutuatus
1192 2743 1260 2793 uon
1278 2729 1350 2804 est;
1369 2743 1448 2808 ergo

255 2845 402 2916 obtrusit
420 2865 496 2914 -sua
511 2847 571 2915 illi·
587 2851 624 2914 et
641 2847 740 2930 quasi
758 2845 979 2930 interpolavit·
992 2847 1146 2915 chartam
1165 2848 1334 2930 ceteroqui
1357 2863 1449 2914 mere

256 2969 485 3038 Socraticam?
508 2969 666 3036 Minime·
680 2969 770 3036 Sunt
792 2970 883 3036 enim
906 2985 955 3054 ea,
974 2987 1062 3052 quae
1080 2987 1101 3036 a
1120 2968 1339 3053 mouentibus
1357 2985 1449 3052 sepa·

257 3092 323 3159 ruri
334 3100 408 3160 viren
424 3092 571 3175 possint,
588 3093 631 3159 ut
650 3107 718 3158 non
737 3088 848 3158 nexus
866 3082 1113 3158 sententiarum
1123 3083 1286 3158 solvatur
1300 3095 1336 3157 et
1353 3093 1449 3157 totus

257 3213 508 3296 compositionis
541 3213 621 3281 ordo
655 3212 879 3296 perturbetur.
915 3211 1038 3294 Quodsi
1069 3212 1108 3278 bi
1136 3211 1197 3278 loci
1227 3211 1293 3278 uni·
1316 3212 1449 3279 Platoni

258 3329 435 3414 debenturi
454 3335 489 3402 id
512 3333 654 3418 reliquis
670 3331 740 3401 una
762 3350 841 3400 cum
863 3332 906 3400 iis
930 3331 998 3401 non
1021 3324 1193 3401 Socratem
1217 3337 1372 3402 orantem
1391 3334 1449 3402 sed

258 3455 660 3528 esummscrruentem
682 3455 1072 3538 cogrurcnosnecsse
1094 3458 1157 3522 esc.
1454 3436 1458 3446 ’

278 3575 376 3646 ⁴Hoc
406 3581 461 3646 est
483 3576 669 3646 secundum
692 3580 944 3656 argumentum,
976 3579 1016 3642 ιιι
1040 3575 1122 3642 mibi
1146 3575 1281 3658 quidem
1305 3577 1449 3663 videtur,

259 3701 511 3777 firmissimumr
526 3701 675 3766 :tertium
698 3714 797 3765 sumo
819 3714 865 3764 ex
881 3696 957 3764 loco
977 3699 1019 3764 de
1041 3697 1156 3764 ilueno
1178 3699 1330 3782 sophista
1352 3716 1385 3781 p.
1406 3700 1450 3766 20

155 3818 157 3824 ’
259 3820 379 3890 ABG.
404 3821 585 3904 Repetitur
599 3821 680 3888 eius
702 3819 766 3886 viri
786 3820 914 3888 mentio
933 3819 1071 3886 Phacdr.
1093 3821 1158 3890 267
1172 3821 1204 3887 A
1223 3821 1344 3888 Pbaed,
1358 3819 1455 3886 601).·

259 3943 302 4011 Si
326 3943 581 4011 meminerimus
615 3940 796 4009 verborum
829 3955 915 4023 quae
950 3944 1034 4006 sunt
1067 3942 1155 4023 apud
1191 3941 1451 4008 Demosthenem

259 4066 301 4134 in·
320 4065 540 4134 Timocrates
572 4064 721 4151 (§··182):
761 4059 873 4149 „rolla
908 4061 970 4138 ulv-
999 4057 1049 4127 οὖν
1072 4060 1154 4135 ’ἴσως
1190 4060 1273 4126 ἐστὶν
1302 4059 1450 4136 δνὸμαστὶ

260 4187 328 4269 περὶ
359 4193 459 4254 τινῶν.
477 4181 671 4265 gautridus,
702 4183 876 4262 enarrarre
909 4180 942 4247 tl
973 4181 1186 4263 παρεξετάσαι
1221 4180 1334 4254 αὐτοὺς
1365 4182 1451 4263 παρὰ

260 4309 408 4384 ronow
443 4307 499 4377 ¹vel
533 4325 619 4392 quae
647 4309 731 4374 sunt
759 4305 794 4371 in
816 4304 994 4388 apologia
1025 4305 1098 4388 ipsa
1129 4323 1161 4389 p.
1188 4301 1274 4372 210
1308 4303 1454 4392 „bracer-

260 4438 324 4500 rev
355 4427 405 4498 odo
436 4434 543 4496 τοῦτον
566 4465 603 4480 -··
624 4425 754 4504 δνδμιτι
785 4426 851 4504 γὰρ
884 4424 967 4491 abab
983 4423 1115 4502 'lteram
1152 4425 1298 4505 simod
1332 4443 1453 4510 parum

261 4554 428 4642 probabile
457 4553 626 4620 videbitur
655 4550 731 4617 sine
759 4549 962 4616 necessitate
992 4567 1013 4616 a
1042 4549 1179 4617 Socrate
1208 4549 1297 4633 apud
1328 4547 1454 4614 iudices

262 4677 410 4763 aequalis
439 4675 585 4742 bominis
611 4669 820 4740 mentionem
845 4687 929 4737 esse·
942 4671 1070 4739 illatam
1095 4691 1163 4738 noo
1185 4671 1320 4738 honoris
1342 4687 1453 4736 causa

263 4801 388 4868 contra
417 4797 452 4864 in
484 4794 591 4862 liueni
621 4809 764 4877 persona
790 4791 928 4858 inducta
951 4793 1269 4876 nexum-quendam
1292 4790 1455 4859 constitui

264 4923 352 4990 inter
386 4917 568 5002 Apologiae
601 4920 638 4984 et
666 4913 855 4982 Phaedonls
882 4912 971 4981 locos
997 4914 1108 5000 video,
1140 4929 1345 4998 quemquam
1375 4911 1455 4996 quid
