4136 6134
909 922 949 988 41

331 1104 500 1190 pracsidio
523 1106 658 1172 servari
678 1106 815 1173 ίηάἱοαι.
838 1106 944 1172 Misso
968 1106 1126 1190 extmplo
1145 1123 1279 1190 maus,
1300 1123 1385 1189 quoe
1402 1104 1525 1172 boetem

335 1245 357 1292 o
374 1225 486 1310 fronte
503 1227 636 1303 eliceret.
651 1227 712 1294 clii
723 1229 783 1310 qui
793 1230 884 1308 mon
896 1226 1133 1309 circumpreaei
1143 1225 1350 1292 recluderent
1361 1226 1505 1292 bamam
1512 1247 1526 1307 ,·

335 1349 365 1414 ct
392 1348 546 1432 armac
572 1348 687 1433 adfuit
708 1348 849 1431 [wicco
872 1347 918 1434 (2,
943 1349 1004 1431 253
1028 1366 1141 1416 annus
1163 1351 1218 1416 est
1244 1351 1284 1415 16
1307 1366 1340 1430 p.
1365 1348 1440 1414 cnr.
1465 1346 1525 1432 n.).

336 1467 440 1551 Quem
469 1469 556 1551 quod
577 1469 619 1536 ad
644 1486 716 1536 rem
738 1488 858 1537 verum
881 1469 1008 1536 vidisse
1031 1486 1122 1535 nunc
1144 1473 1296 1537 autumo.
1321 1468 1413 1536 Gens
1434 1467 1525 1535 enim

335 1588 534 1658 Germanica
562 1609 584 1659 a
612 1608 679 1676 qua
709 1609 798 1659 anno
826 1593 866 1658 41
892 1608 925 1674 p.
950 1591 1026 1659 Chr.
1051 1609 1085 1657 n.
1108 1590 1219 1674 aquila
1241 1593 1438 1673 recuperate
1460 1592 1524 1673 est,

334 1729 410 1779 cum
430 1710 509 1779 olim
528 1713 672 1780 aiteram
690 1713 846 1780 habuerit
865 1716 955 1781 teste
974 1713 1080 1780 Dione
1098 1707 1143 1792 (ic
1164 1710 1253 1790 uiroc
1273 1710 1318 1775 tu
1332 1710 1406 1791 παρ’
1418 1712 1525 1783 αὐτοῖς

335 1832 369 1897 tx
390 1841 445 1908 τῆς
470 1837 524 1899 τοῦ
548 1833 669 1915 ottae
693 1836 855 1915 συμφορᾶς
881 1830 938 1915 ἦν),
957 1839 1021 1903 aut
1037 1836 1277 1902 Bructerorum
1295 1835 1362 1901 fuit
1379 1833 1433 1919 (cf.
1447 1833 1525 1900 Fac.

334 1975 416 2024 aaa.
450 1958 480 2036 1,
511 1957 569 2044 60)
599 1961 662 2026 eut
692 1957 889 2026 Marsorum.
920 1958 981 2036 At,
1011 1958 1152 2041 inquies,
1183 1958 1212 2024 si
1238 1955 1526 2040 palaeographicae

335 2079 463 2148 rarione
485 2081 601 2148 habita
624 2079 770 2159 Kav‘xovc
795 2080 847 2148 vel
871 2077 1051 2160 prcctpovs
1075 2080 1111 2146 in
1131 2077 1342 2158 Mavpoteavc
1358 2078 1526 2161 corrumpi

334 2200 485 2283 potuisse
518 2218 631 2285 negas,
668 2219 780 2270 nonne
813 2203 847 2269 id
881 2201 987 2270 etiam
1019 2201 1127 2282 magis
1158 2200 1348 2282 negandum
1376 2201 1418 2269 de
1446 2217 1527 2270 voce

334 2319 506 2404 Menoec?
543 2322 768 2392 Verissimum
800 2325 871 2409 hoc,
902 2324 960 2390 sed
991 2341 1032 2390 ea
1060 2323 1134 2405 ipsa
1164 2325 1219 2389 est
1247 2339 1350 2390 causa
1375 2339 1436 2391 cur
1459 2340 1526 2391 non

335 2443 480 2526 Μάρσους
522 2445 611 2528 apud
653 2445 795 2513 Dionem
836 2447 1000 2529 scriptum
1038 2443 1143 2512 ruisse
1177 2443 1373 2512 crediderim
1405 2461 1526 2512 verum

333 2566 544 2647 Mamaeae.

378 2697 653 2756 Mercatrorc
681 2687 777 2758 facile
799 2689 891 2757 abire
912 2689 1065 2773 potuisse
1086 2689 1122 2756 in
1147 2695 1423 2754 Marotctotc
1447 2706 1528 2757 mox

332 2819 637 2877 Mateotctotc
667 2830 768 2880 nemo
798 2811 951 2893 negabit:
986 2819 1009 2876 c
1035 2814 1072 2880 et
1097 2819 1124 2876 ο
1149 2811 1357 2878 sescentiens
1378 2811 1468 2878 inter
1490 2828 1528 2878 se

334 2938 527 3016 permutata
566 2938 649 3003 sunt
686 2939 722 3002 et
755 2933 889 3001 litterae
927 2941 980 2998 alt
1021 2934 1052 3000 si
1094 2933 1238 3016 scriptae
1279 2936 1378 3001 erant
1419 2935 1461 2999 nt
1491 2935 1526 3000 in

334 3072 420 3124 novo
450 3073 577 3141 papyro
606 3057 765 3125 historico
796 3059 955 3124 exaratae
985 3057 1127 3124 suntin
1152 3073 1234 3124 voce
1259 3063 1525 3122 aNattrernN

336 3176 435 3262 (Pap.
461 3177 587 3262 oxpra
611 3178 653 3261 V,
677 3179 747 3246 tab.
771 3179 805 3247 V
828 3179 888 3247 coi.
913 3179 964 3246 XI
989 3197 1021 3246 v.
1043 3177 1100 3265 21)
1120 3179 1232 3264 quivis
1252 3197 1312 3263 pro
1332 3187 1385 3244 'rc
1406 3179 1527 3246 habere

333 3300 450 3383 possit.

378 3421 546 3490 Marsacos
568 3423 659 3489 enim
683 3423 757 3490 sive
781 3423 962 3491 Marsacios
978 3423 999 3504 ¹)
1022 3427 1155 3506 partem
1177 3424 1284 3491 fuisse
1307 3425 1420 3506 gentis
1444 3425 1525 3492 Mar·

333 3559 447 3609 sorum
483 3541 696 3625 probabiliter
730 3545 879 3612 conicere
912 3543 1021 3612 solent
1053 3545 1117 3612 viri
1147 3545 1237 3612 docti
1266 3547 1324 3628 qui
1354 3545 1394 3612 de
1426 3546 1527 3612 rebus

334 3659 580 3732 Germanorum
614 3665 821 3747 scripserunt
855 3666 963 3734 veluti
997 3669 1113 3753 Zeuss,
1148 3668 1202 3734 dic
1235 3667 1420 3735 Deutecbca
1454 3669 1528 3736 aad

332 3785 385 3852 dic
413 3786 711 3854 Nocbbaretrimme
741 3805 773 3871 p.
808 3788 871 3854 188
897 3789 985 3872 adn,
1009 3789 1149 3857 Iacobus
1172 3789 1315 3866 Grimm,
1341 3788 1527 3856 caeterea

332 3907 393 3974 der
425 3909 602 3975 detectae
635 3907 816 3993 spreta·
851 3927 882 3993 p.
920 3912 985 3977 400
1027 3911 1203 3991 (dubitans
1241 3913 1381 3992 tamen),
1416 3911 1527 3991 unce,

332 4027 492 4096 maccio
513 4029 725 4098 Stommeitcc
742 4050 775 4115 p.
802 4033 866 4098 112
887 4050 936 4115 sq.
960 4032 1022 4098 152
1044 4049 1093 4114 sq.
1115 4032 1170 4100 Sic
1189 4033 1225 4099 in
1245 4033 1307 4100 bac
1326 4032 1527 4102 Germaniae

332 4155 427 4235 parte
461 4153 675 4235 reperiuntur
709 4153 809 4220 Frisii
842 4155 878 4219 et
909 4152 1132 4238 Frisiavones,
1165 4154 1223 4237 qui
1253 4154 1351 4220 Frisii
1380 4155 1527 4222 minores

332 4273 499 4340 habentur
531 4273 586 4353 (ci.
622 4274 698 4342 Fac.
736 4273 849 4341 Germ.
885 4275 928 4341 34
962 4277 999 4341 et
1034 4274 1230 4343 Mulienhoff
1259 4273 1335 4358 al,
1367 4274 1527 4342 Deutacbe

331 4395 628 4463 ammiranda
652 4397 672 4461 4
696 4414 728 4480 p.
755 4397 845 4478 428),
869 4396 987 4464 Chatti
1008 4398 1045 4464 et
1065 4396 1254 4463 Chattuarii
1274 4395 1329 4480 (ci.
1351 4398 1457 4463 Zeuss
1474 4397 1525 4463 tl.

332 4532 364 4597 p.
396 4519 451 4594 99,
482 4516 615 4584 Grimm
645 4517 666 4582 l.
679 4519 701 4586 l.
732 4536 764 4601 p.
795 4517 877 4604 400)
907 4520 944 4585 et
974 4517 1110 4585 nomine
1140 4535 1208 4584 non
1238 4521 1372 4586 mutato
1402 4517 1527 4585 chauci

367 4822 392 4885 1)
416 4822 542 4873 lauces
566 4822 623 4874 Tae.
650 4823 707 4873 hiet.
734 4824 758 4883 4,
786 4824 827 4883 ⁶0,
849 4823 971 4874 Marsacis
993 4823 1059 4873 Plin.
1082 4823 1139 4874 sah.
1162 4825 1186 4882 4,
1210 4823 1266 4882 106,
1289 4821 1331 4871 sed
1351 4821 1527 4871 Hermiona

333 4901 397 4956 eris.
413 4904 470 4956 mh.
486 4907 511 4965 4,
531 4905 577 4955 lor
594 4911 620 4956 et
640 4903 794 4971 Harcaqn'u
810 4904 867 4958 o.1.
878 4905 906 4956 1..
924 4906 948 4966 b,
966 4905 1033 4956 8808
1049 4906 1123 4969 (inter
1139 4905 1233 4972 equites
1250 4903 1386 4968 singulares
1403 4903 1526 4970 eugentii
