3848 6006
879 799 948 869 eta

315 985 442 1054 tionem
482 984 643 1054 traditam
679 984 861 1054 defendens
896 987 1011 1053 mente
1045 983 1236 1053 addendum
1268 987 1370 1069 putat
1404 985 1513 1067 mma.

315 1107 445 1176 Verum
471 1106 546 1174 sivo
575 1106 779 1188 wutlcomuo
799 1105 953 1188 legimns,
976 1104 1052 1174 ulva
1074 1105 1291 1190 mcscromuo
1313 1104 1514 1191 retinemus,

315 1229 433 1296 manet
465 1226 605 1295 offensio
637 1226 673 1293 in
703 1226 813 1310 prima
842 1225 898 1295 illa
924 1243 1076 1311 perrona,
1107 1242 1194 1311 quae
1216 1230 1295 1312 pout
1317 1226 1514 1311 imperativi

315 1348 441 1417 iormas
462 1345 825 1434 mutu...putu(31)
843 1348 887 1416 ab
905 1347 967 1416 hoc
985 1346 1184 1416 locoaliene
1203 1351 1268 1416 oet.
1288 1348 1373 1432 Quid
1386 1348 1514 1417 Seneca

315 1469 499 1553 scripemit,
522 1472 661 1553 apparet
689 1484 733 1536 ex
764 1466 894 1550 dialogo
916 1470 958 1537 do
980 1484 1075 1553 prov.
1098 1468 1120 1535 8
1143 1470 1213 1551 52:
1241 1468 1349 1557 „uduo
1371 1468 1514 1537 circum

315 1589 488 1675 spiciatur,
510 1607 590 1658 cum
611 1607 677 1673 quo
695 1589 896 1658 con-ferre
912 1589 1085 1675 possimos
1105 1607 1277 1659 manum
1284 1610 1294 1672 ;
1314 1591 1420 1675 pudet
1438 1599 1515 1660 con·

314 1710 407 1794 gredi
437 1729 517 1780 cum
546 1711 682 1779 homine
712 1710 831 1779 vinci
861 1709 1011 1795 pareto't
1036 1713 1100 1791 Ita,
1124 1729 1204 1781 cunr
1226 1712 1412 1782 locutiones
1433 1728 1453 1781 e
1476 1729 1513 1782 re

315 1832 453 1900 militari
486 1833 613 1915 petitae
634 1831 830 1916 philosopho
851 1832 888 1899 in
910 1831 1038 1902 deliciis
1061 1834 1142 1920 sint,
1167 1838 1245 1919 post
1266 1836 1454 1903 mouentur
1476 1832 1512 1902 in

315 1952 444 2037 protasi
461 1952 661 2036 adhibitum,
680 1970 760 2021 eum
779 1954 813 2021 iu
832 1953 951 2022 mem
970 1952 1192 2023 similitudine
1203 1954 1394 2040 perstitisse
1404 1954 1511 2042 crudo,

315 2074 403 2142 hanc
431 2073 591 2159 apooosm
623 2074 901 2158 subiungenlem:
930 2076 1046 2160 consor
1073 2094 1208 2160 moue,
1241 2076 1512 2146 lacumiano

315 2195 524 2276 congredere,
558 2195 748 2278 accingerel
783 2197 910 2265 Eadem
944 2197 1075 2265 ratione
1108 2200 1233 2266 onusso
1269 2198 1405 2267 nomino
1436 2200 1511 2267 eius

314 2332 457 2401 quocum
476 2315 575 2385 alicui
591 2333 792 2400 congressus
811 2320 876 2402 eut,
895 2318 1049 2403 oensem
1059 2337 1186 2388 monum
1195 2319 1349 2389 abeolute
1360 2320 1509 2405 positum

314 2441 370 2506 eut
391 2438 479 2521 apud
503 2437 603 2520 Verg.
628 2438 715 2505 Aen.
738 2438 791 2506 XI
815 2439 899 2506 282:
927 2440 1108 2526 ,stetimus
1127 2440 1194 2509 tela
1211 2457 1330 2526 nupera
1349 2445 1491 2524 oontral

314 2558 677 2643 contulimusque
697 2575 863 2628 manua

815 2801 873 2871 De
902 2802 1008 2873 otio.

359 3036 381 3100 6
404 3038 423 3113 5
447 3032 485 3100 2:
500 3075 509 3096 .
523 3076 532 3097 .
545 3077 577 3099 ..
611 3032 661 3099 cic
689 3032 925 3118 imperfectum
954 3049 995 3100 oc
1024 3030 1227 3115 muccinium
1255 3032 1512 3104 bonumeam

314 3155 418 3222 mum
451 3155 524 3221 elue
556 3156 633 3221 adu
659 3156 804 3239 proiccm
835 3156 957 3237 oirtuo,
988 3171 1177 3238 numqaum
1205 3153 1242 3221 id
1272 3154 1361 3237 poco
1393 3155 1512 3222 didc‘ml

313 3277 497 3345 meamne.
531 3276 609 3359 oum
643 3281 741 3358 nepot
771 3275 867 3343 dmm
896 3274 1012 3342 debere
1037 3273 1210 3358 profectae
1237 3291 1317 3342 enoc
1347 3276 1386 3341 in
1414 3291 1512 3359 opere

314 3401 485 3483 tempure,
520 3414 580 3464 nec
608 3399 741 3463 tontum
763 3396 847 3480 quid
867 3395 1061 3479 faciendum
1086 3396 1131 3461 uit
1152 3394 1305 3479 copilorc,
1328 3393 1389 3460 uod
1409 3393 1512 3460 elium

313 3516 496 3602 aliquando
514 3535 656 3585 mcum
676 3535 827 3585 mercare
845 3520 875 3584 et
893 3535 931 3585 oo
950 3535 1034 3601 quoe
1051 3516 1211 3583 meditato
1230 3518 1322 3600 eunt,
1335 3515 1512 3582 odacrum

309 3640 518 3726 perducere?

359 3760 495 3839 Dubito,
526 3763 661 3828 rectene
687 3759 851 3828 traditum
875 3760 923 3827 sit
944 3757 1024 3826 iliud
1047 3776 1208 3839 macore,
1232 3777 1314 3828 nam
1336 3759 1366 3826 si
1389 3758 1512 3826 Virtus

313 3883 383 3951 otio
412 3901 478 3951 non
506 3886 675 3959 contenta,
705 3883 793 3966 quod
821 3883 937 3951 didicit
967 3883 1142 3951 ostendere
1173 3883 1322 3965 cupiens,
1346 3881 1513 3949 meditatu

312 4004 355 4073 ad
386 4021 505 4072 vemm
538 4003 700 4086 perducit,
734 4005 858 4072 oratori
888 4003 936 4071 illi
969 4003 1100 4081 similis,
1132 4002 1191 4086 qui
1222 4003 1291 4070 iam
1323 4020 1389 4070 uon
1421 4002 1512 4070 dorni

314 4127 470 4194 meditari
492 4129 528 4195 et
550 4143 587 4194 se
609 4142 764 4193 exercere
787 4124 872 4203 vult,
896 4125 955 4193 aed
977 4126 1013 4192 in
1037 4127 1146 4192 iorum
1166 4124 1392 4207 eloquentiam
1412 4141 1512 4191 suum

314 4248 468 4330 prolerre,
493 4264 559 4314 non
580 4265 721 4313 manum
740 4264 892 4314 exercerc
910 4245 1039 4330 incipit,
1052 4245 1111 4312 sod
1124 4262 1258 4312 exercre
1269 4245 1512 4323 siveeuacrcrc,

313 4386 415 4450 quam
446 4369 611 4435 hactenus
634 4369 669 4435 in
693 4368 761 4436 otio
784 4368 934 4435 cohibuit
947 4364 984 4453 ¹).
1008 4366 1058 4434 cl.
1081 4366 1158 4433 Seu.
1184 4366 1297 4433 contr.
1322 4365 1355 4433 V
1378 4367 1416 4442 6;
1442 4364 1510 4432 (lic.

314 4508 345 4573 p.
371 4488 459 4557 Cael.
483 4489 502 4574 fi
528 4492 580 4555 11.

349 4686 371 4745 l)
389 4686 470 4734 Etiam
489 4686 517 4734 dc
535 4685 604 4734 clem.
624 4684 635 4733 l
654 4682 702 4743 7‚l
720 4701 774 4733 cnm
795 4684 877 4750 Liprio
899 4684 1066 4734 scribendum:
1086 4682 1190 4742 „humili
1207 4682 1261 4733 loco
1279 4683 1365 4749 positio
1383 4701 1511 4735 exorere

314 4783 421 4827 monum,
438 4768 535 4832 liiigeru
626 4767 726 4816 liberior
744 4770 805 4817 erl.’'
