3848 6006
936 816 979 884 58

359 1013 439 1079 opes
464 1014 644 1079 operamve
666 998 905 1081 impenderunt
928 1002 968 1067 ut
991 999 1247 1082 Antiquitatum
1272 998 1308 1063 et
1325 994 1408 1063 Belli
1427 996 1555 1064 Iudaici

361 1118 533 1185 volumina
575 1121 706 1188 civibus
742 1122 815 1189 suis
849 1122 987 1203 legenda
1020 1121 1230 1205 praeberent.
1265 1119 1419 1203 Ipsorum
1449 1117 1555 1185 verba

359 1239 473 1321 lingua
502 1242 682 1309 vernacula
712 1243 839 1326 scripta
869 1245 931 1311 tibi
953 1247 1033 1311 ante
1055 1242 1168 1311 oculos
1189 1259 1323 1327 ponam,
1347 1257 1465 1309 eorum
1487 1255 1554 1306 eer-

360 1378 496 1428 monem
520 1364 666 1430 naturali
689 1365 907 1448 simplicitate
930 1368 1066 1446 gratnm
1090 1364 1152 1431 tibi
1176 1364 1356 1430 fluendum
1378 1361 1473 1429 dabo.

405 1482 446 1549 In
480 1483 589 1551 medio
619 1486 750 1553 saeculo
774 1486 860 1554 XVI
894 1487 1015 1570 prodiit
1049 1485 1208 1554 volumen
1242 1501 1385 1566 magnae
1415 1482 1553 1564 formae,

358 1603 444 1669 artis
474 1607 732 1689 typographicae
761 1608 936 1691 pulchrum
971 1609 1152 1692 specimen,
1183 1608 1280 1675 cuius
1309 1605 1432 1689 pagina
1462 1621 1554 1688 prae

359 1725 525 1795 liminaris
555 1729 695 1797 titulum
724 1731 854 1799 tabellis
876 1732 1123 1816 aylographicis
1145 1729 1315 1797 inclusum
1337 1731 1374 1794 et
1392 1728 1555 1796 ornatum

358 1844 536 1929 legendum
557 1851 633 1919 dat:

395 1980 481 2056 Flaulj
506 1984 617 2059 Josephi
641 1985 688 2043 des
711 1986 882 2044 vermaerden
904 1986 1052 2045 Joeischen
1070 1986 1307 2062 hystoriescriuers
1323 2003 1406 2043 maen
1423 1982 1556 2051 boeoken

360 2084 413 2123 ran
428 2067 472 2125 die
487 2070 615 2128 Joetsche
632 2071 769 2147 corloghe,
787 2072 856 2130 ende
874 2074 1029 2133 Destruet-ie
1044 2084 1080 2131 va
1093 2073 1224 2131 lentsale.
1241 2072 1327 2131 Wten
1342 2070 1509 2128 (iriscxschd
1524 2068 1554 2126 in

360 2153 462 2229 Ilattia,
488 2162 522 2214 er'r
550 2164 642 2231 roorte
668 2166 741 2217 wten
769 2160 876 2227 Iatine,
904 2179 941 2217 nv
968 2165 1039 2218 eerst
1061 2161 1091 2218 in
1110 2161 1270 2235 Duytsohen
1288 2157 1414 2234 gnesen,
1429 2162 1487 2214 met
1504 2175 1555 2213 een

360 2240 504 2317 onderwijs
531 2263 583 2302 van
609 2264 659 2302 een
687 2247 830 2322 Prologhe,
858 2247 1014 2305 theonende
1041 2247 1085 2304 die
1112 2247 1269 2321 nutticheyt
1294 2245 1371 2303 deser
1394 2242 1555 2319 Hysterien.

359 2321 454 2395 QIDes
477 2330 540 2387 selis
562 2331 673 2406 Josephi
697 2333 786 2402 leuen,
810 2333 844 2409 by
869 2333 922 2390 den
946 2333 1039 2391 seluen
1058 2335 1232 2409 ghescreuen,
1250 2331 1319 2390 ende
1337 2351 1375 2389 nv
1394 2336 1468 2389 corte
1484 2333 1557 2387 seret

360 2421 434 2473 vten
458 2416 639 2476 Griecxsclren
662 2420 706 2478 int
727 2420 797 2477 cluer
813 2422 969 2495 ghecomen.
988 2422 1123 2496 Gheprint
1141 2422 1340 2495 Thantverpen
1358 2438 1394 2494 op
1411 2418 1457 2476 dio
1474 2418 1556 2475 Lom-

360 2503 457 2560 baerde
466 2510 548 2576 vesle,
558 2507 657 2580 tcghen
667 2526 732 2564 ouer
741 2508 785 2564 dic
793 2508 895 2581 gulden
904 2509 980 2580 hant,
990 2509 1025 2583 by
1034 2528 1078 2583 my
1085 2509 1187 2583 Symon
1196 2509 1280 2566 Gock.
1289 2511 1375 2565 Anno
1385 2506 1554 2565 MDGOOC.

360 2600 403 2653 sr'r.
421 2591 492 2648 LJJ.
512 2592 574 2649 Met
591 2594 687 2650 Gracie
704 2597 739 2650 eri
757 2594 912 2669 Priuilegie.

405 2713 446 2779 In
474 2731 573 2782 versa
596 2716 716 2798 pagina
740 2716 951 2799 privilegium
973 2716 1106 2801 legitur,
1130 2718 1173 2784 ab
1195 2716 1417 2800 Imperatoria
1439 2714 1555 2783 ldaies

361 2836 435 2902 tate
457 2836 586 2904 Simoni
605 2837 700 2916 coco,
719 2837 912 2921 bibliopolae
925 2839 1178 2922 antwerpiensi
1188 2855 1395 2923 eoncessum,
1409 2841 1450 2905 ut
1461 2837 1556 2906 solus

360 2957 468 3025 Flavii
479 2959 609 3041 Iosephi
622 2960 723 3028 libros
734 2978 817 3043 quos
829 2977 952 3042 magna
962 2962 1116 3043 impensa
1127 2960 1350 3028 traducendos
1361 2963 1555 3038 curaverat,

361 3081 455 3164 typis
484 3081 686 3149 describeret
710 3086 747 3148 et
770 3099 828 3165 per
851 3099 969 3150 omnes
992 3083 1183 3166 provincias
1206 3082 1358 3163 Belgicae
1380 3081 1554 3150 venderet.

360 3203 462 3270 Hunc
498 3203 662 3271 editorem
698 3205 803 3285 igitur
840 3208 1003 3287 tanquam
1037 3204 1186 3287 primum
1219 3202 1352 3286 Iosephi
1385 3202 1555 3270 fautorem

360 3324 531 3406 Belgicam
565 3330 646 3393 ante
680 3325 762 3393 alios
791 3326 906 3393 audire
936 3327 1048 3408 refert,
1080 3327 1179 3392 cuius
1209 3325 1258 3392 rei
1287 3325 1383 3408 copia
1413 3325 1556 3392 minime

361 3447 465 3528 deest,
501 3465 581 3514 nam
614 3448 711 3528 longa
745 3447 950 3531 praelatione
980 3447 1160 3516 lectoribus
1190 3452 1317 3526 narrat,
1347 3451 1556 3531 quantopere

361 3569 423 3636 hoc
452 3568 584 3650 iosephi
615 3587 699 3651 opus
728 3568 815 3636 lectu
842 3569 981 3650 dignum
1004 3569 1060 3652 sit,
1082 3573 1119 3636 et
1142 3586 1244 3652 quam
1268 3569 1447 3636 mendaces
1470 3570 1556 3637 certi

360 3690 497 3773 quidam
529 3692 604 3759 libri
633 3691 769 3772 luerint,
801 3709 885 3773 quos
913 3695 950 3758 et
971 3692 1029 3759 alii
1050 3695 1086 3758 et
1107 3692 1178 3775 ipse
1201 3691 1375 3773 hucusque
1397 3691 1438 3758 de
1461 3691 1557 3760 urbis

359 3813 542 3880 Ierusalem
573 3813 713 3880 interitu
744 3813 780 3878 in
810 3813 918 3879 lucem
941 3812 1125 3879 ediderant.
1156 3811 1206 3878 Ne
1229 3812 1332 3878 nimis
1355 3812 1391 3879 in
1414 3810 1556 3893 longum

360 3952 433 4002 rem
455 3935 600 4011 traham,
628 3934 765 4001 initium
789 3938 823 4000 et
847 3935 950 4002 dnem
972 3937 1111 4001 tantum
1134 3934 1236 4002 huius
1258 3933 1477 4017 praefationis
1500 3934 1557 4001 hio

359 4057 555 4124 describam.

395 4189 457 4245 Den
481 4188 684 4264 goetuillighen
707 4189 803 4246 Lesers
827 4188 896 4245 ende
919 4188 1089 4246 beminnaers
1111 4187 1160 4246 der
1184 4188 1328 4263 waerheyt,
1352 4188 1455 4263 Symon
1478 4189 1556 4248 doctr

361 4277 484 4334 Prenter.

395 4363 464 4420 Hier
490 4363 579 4437 hebdy
604 4362 788 4438 goctwillighe
812 4363 901 4432 lesere,
927 4363 985 4420 niet
1008 4362 1107 4420 sunder
1130 4364 1222 4419 minen
1245 4368 1361 4436 grooten
1385 4368 1452 4430 eost,
1476 4382 1556 4420 naer-

359 4451 477 4519 eticheyt
491 4457 526 4508 eir
540 4449 644 4522 arbeyt,
659 4449 689 4504 in
705 4468 770 4506 ense
780 4449 920 4524 Duytschc
929 4449 1108 4507 Brabatssche
1117 4449 1234 4520 tale,die
1244 4449 1423 4523 wamchtighs
1433 4449 1556 4525 hystorie

359 4537 445 4609 Flauij
477 4536 598 4609 losephi,
627 4535 726 4592 vander
752 4536 894 4593 Joctscher
921 4536 1059 4610 oorloghe,
1087 4542 1121 4594 er'r
1149 4536 1244 4594 laetate
1271 4535 1475 4594 verderlienisse
1501 4555 1556 4595 van

359 4623 518 4694 Jerusalem,
537 4641 607 4679 waer
625 4621 693 4678 door
711 4623 814 4680 Christi
832 4643 882 4680 ons
900 4623 1088 4681 salichmekers
1105 4623 1364 4697 onrechtuacrdighe
1379 4623 1455 4692 doot,
1467 4624 1557 4682 recht·

360 4709 522 4783 uaerdclijck
546 4710 692 4783 ghewrokd
717 4710 740 4765 is
763 4711 905 4784 ghewcest.
931 4710 1043 4767 Welcke
1069 4710 1189 4784 hystorie
1214 4709 1358 4767 bescreuen
1381 4710 1491 4767 mouet
1507 4728 1555 4768 xv.

361 4800 391 4854 (l.
401 4797 457 4854 iare
474 4802 588 4854 ontrent
604 4796 724 4854 veertich
741 4797 798 4853 iare
816 4815 852 4853 na
869 4816 919 4853 ons
937 4797 1036 4854 heeren
1053 4797 1120 4854 Jesu
1136 4797 1222 4870 passio
1237 4797 1436 4868 eridooteerst
1447 4797 1556 4856 rendere
