4134 6140
846 917 911 986 287

279 1104 415 1172 sonitus
433 1103 525 1172 iacit.
548 1101 713 1186 Quoniam
733 1102 838 1184 igitur
856 1102 1094 1170 indumentum
1113 1101 1191 1170 illud
1211 1102 1279 1170 oris
1297 1101 1476 1170 clarescere

280 1226 318 1292 et
346 1239 502 1292 resonam
532 1241 649 1292 vocem
680 1223 771 1308 iacit,
802 1224 845 1290 ob
870 1239 947 1291 sam
970 1240 1108 1291 oausam
1131 1241 1275 1307 persona
1296 1223 1387 1290 dicta
1409 1225 1474 1307 est,

279 1364 302 1414 o
324 1347 422 1415 litera
444 1349 579 1430 proptor
602 1343 753 1414 vocabuli
775 1344 919 1412 formam
942 1345 1160 1429 productiore.

328 1468 456 1536 Bassus
484 1467 557 1551 ipse
586 1466 696 1536 sensit
725 1467 861 1534 obstare
889 1466 969 1535 hnic
997 1466 1198 1535 derivationi
1227 1466 1474 1550 quantitatem

279 1606 487 1673 quamquam
508 1577 541 1657 ¹ei
563 1589 691 1670 gratias
709 1588 843 1669 agimus
861 1592 997 1672 propter
1012 1589 1195 1663 ἑνουσσννὺν
1206 1589 1474 1671 explicationem,

279 1709 317 1775 πὸ
349 1708 459 1786 laeuos
482 1711 575 1778 vocis
597 1725 665 1777 non
688 1708 824 1777 videtur
845 1709 1028 1792 apernisse.
1052 1708 1211 1778 Latinam
1233 1709 1398 1790 originem
1419 1709 1476 1776 alii

280 1831 385 1899 variis
413 1831 524 1898 modis
553 1829 785 1898 defenderunt.
818 1829 928 1898 Vetus
955 1831 1208 1899 vocabularium
1229 1848 1288 1915 per
1310 1849 1348 1900 se
1370 1849 1476 1898 unam

279 1952 455 2020 contendit
477 1967 655 2035 personam
677 1968 762 2036 esse,
786 1951 844 2018 sed
867 1952 929 2020 boc
951 1952 1056 2020 nimis
1078 1952 1323 2037 philosophiam
1340 1952 1475 2034 redolet,

281 2090 391 2157 noque
419 2073 528 2140 acere
557 2089 740 2154 possumus
769 2089 849 2140 cum
878 2074 921 2140 iis
947 2073 1005 2157 qui
1028 2089 1088 2156 per
1111 2089 1148 2140 se
1172 2091 1273 2140 onam
1295 2073 1475 2158 explicant,

281 2210 341 2277 per
359 2211 397 2261 ee
412 2192 668 2278 plenitudinem,
686 2192 817 2261 coletis
829 2211 974 2275 aunone,
987 2194 1146 2278 Pomona,
1159 2193 1295 2263 talibus.
1314 2194 1477 2279 Superest

281 2315 410 2384 Graeca
427 2315 518 2398 origo
533 2333 637 2398 quam
652 2315 789 2399 plurimi
799 2315 981 2398 accipiunt,
994 2333 1061 2384 non
1073 2334 1151 2383 cum
1163 2315 1328 2398 Scaligero
1339 2319 1397 2401 qui
1408 2317 1475 2399 περὶ

281 2438 372 2516 σῶμα
395 2441 432 2506 et
455 2435 613 2517 πορίζορπ
638 2437 746 2504 lemur
767 2437 934 2521 attulisse,
959 2439 1019 2506 sod
1041 2456 1120 2506 cum
1142 2439 1185 2506 iis
1203 2438 1261 2522 qui
1280 2438 1476 2508 derivante

284 2560 442 2639 προσώπου
472 2577 562 2643 voce,
594 2575 697 2641 quam
728 2563 861 2627 veteres
887 2559 1029 2626 Romani
1051 2559 1176 2628 vitiosa
1199 2561 1476 2643 pronuntiatione

281 2684 318 2750 in
340 2697 518 2766 personam
541 2680 718 2764 mutarint,
743 2683 786 2746 ut
808 2681 944 2748 inversa
965 2681 1095 2749 ratione
1114 2681 1168 2757 riv
1187 2679 1382 2762 Πνρσοφδννν
1401 2683 1476 2752 Pro

281 2804 453 2886 serpinem
476 2805 651 2869 vocarunt
683 2799 834 2868 concedo
856 2803 972 2868 mmen
996 2801 1079 2869 mibi
1103 2801 1199 2870 valde
1220 2802 1350 2887 placare
1371 2806 1474 2887 viam

281 2941 383 3008 quam
407 2923 599 3007 nuperrime
622 2921 911 3004 Wageningonius
930 2922 1152 3009 (Mnemosyn.
1172 2943 1293 2994 novun
1311 2945 1344 3010 p.
1365 2929 1467 2995 114-

284 3047 360 3128 118)
390 3046 564 3130 ingressus
593 3048 649 3112 ost
677 3043 721 3112 ad
750 3043 983 3126 explicandam
1012 3043 1175 3126 originem
1205 3064 1326 3129 puram
1355 3054 1475 3132 putam

281 3168 451 3236 Latinam.
480 3165 657 3235 invenisse
688 3165 753 3234 sibi
781 3164 917 3233 videtur
948 3165 1094 3234 redicem
1124 3167 1232 3251 'pere
1263 3187 1350 3252 queo
1372 3178 1476 3256 eaput

281 3289 336 3358 val
366 3288 489 3373 aliquid
520 3288 642 3372 cepitis
672 3287 782 3355 simle
813 3287 992 3369 significat.
1021 3288 1115 3356 Idem
1137 3293 1286 3358 stemma
1307 3310 1476 3364 recurrere

281 3411 494 3479 demonstret
526 3409 562 3476 in
596 3409 768 3477 vocabulis
801 3409 918 3490 πράσον
951 3413 989 3478 et
1022 3427 1174 3493 porrum,
1212 3413 1331 3482 collato
1374 3431 1476 3483 versu

282 3533 401 3602 iloreti
425 3533 468 3602 rt
499 3531 572 3619 ,hic
597 3531 683 3598 siser
704 3533 741 3598 et
764 3547 888 3598 nomen
912 3531 1014 3615 capiti
1036 3530 1195 3600 debentia
1216 3533 1348 3617 porra'',
1372 3539 1475 3620 atque

281 3658 454 3740 praeterea
476 3655 651 3720 servatum
674 3667 750 3720 osse
773 3651 809 3719 in
829 3651 967 3719 nomine
983 3653 1115 3736 proprio
1133 3653 1334 3742 Persius(=
1346 3657 1476 3743 Capito)

281 3780 320 3845 ot
352 3776 387 3843 in
417 3775 629 3843 deminutivo
658 3773 842 3856 persillum,
873 3773 961 3856 quod
991 3772 1169 3842 vesculum
1199 3775 1340 3846 denotat
1369 3780 1477 3848 forme

282 3897 404 3981 capitis
434 3895 547 3964 simili.
568 3896 623 3964 lle
645 3895 782 3978 quidem
804 3894 914 3963 iudice
936 3896 1019 3964 haec
1041 3898 1245 3983 etymoropu
1265 3901 1384 3969 multis
1405 3921 1477 3986 par-

282 4019 376 4086 tibus
404 4017 477 4084 veri
502 4016 644 4085 similior
666 4033 769 4100 quam
792 4015 1030 4084 Wiedemanni
1052 4018 1154 4103 (apud
1177 4019 1478 4092 Schlossmannum

282 4158 316 4224 p.
343 4139 385 4206 13
414 4139 452 4206 in
480 4137 720 4220 adnoudoner,
750 4138 809 4219 qui
830 4136 963 4205 derivat
984 4154 1007 4205 a
1028 4142 1212 4210 stemmate
1233 4141 1350 4227 ‘poros
1372 4145 1479 4223 (indu-

283 4265 453 4344 mentum)
475 4259 563 4345 quod
585 4260 713 4328 frustra
734 4260 910 4344 quaeritur
931 4259 1020 4328 alibi.

329 4511 418 4580 lum
451 4511 590 4579 demum
623 4505 766 4575 solidum
798 4503 1015 4588 ingredimur,
1045 4523 1125 4574 cum
1154 4525 1256 4577 usum
1286 4527 1353 4593 qno
1374 4513 1479 4582 verba

283 4631 401 4702 velem
418 4635 623 4716 spectemus
643 4627 753 4696 Facile
770 4626 992 4709 intelligimus
1010 4630 1173 4711 quomodo
1188 4628 1346 4712 προσονπον
1357 4633 1478 4705 aciem

283 4755 450 4823 denotans
481 4751 657 4821 transierit
680 4749 716 4816 in
738 4749 882 4817 alteram
905 4748 1185 4831 significationem
1207 4753 1333 4840 larvae,
1355 4757 1478 4841 quippe

284 4877 380 4946 faciei
409 4875 551 4944 noticiae
581 4871 668 4940 ludis
698 4871 735 4937 in
765 4870 917 4939 scenicis.
952 4869 1042 4938 Nam
1064 4873 1151 4957 quod
1181 4882 1340 4947 esserunt
1369 4879 1411 4947 de
1433 4881 1480 4948 di.
