3848 6006
937 812 982 887 80

361 1009 403 1074 ut
421 1009 512 1075 16616
531 1008 610 1089 post
629 1004 883 1072 Kohlmannum
902 1004 1049 1072 editores
1060 1005 1224 1086 scribunt,
1237 1004 1297 1072 ΠΙ.
1311 1002 1394 1073 595:
1409 1006 1559 1090 temptat

361 1128 548 1196 Enceladus
577 1130 748 1194 mutare
779 1125 887 1208 latus,
919 1126 976 1192 ubi
1008 1125 1082 1192 sine
1112 1143 1217 1194 causa
1246 1126 1409 1195 Heinsius
1431 1131 1560 1196 molere

361 1250 511 1328 coniecit,
535 1247 696 1316 Barthiue
715 1264 861 1331 1616616,
884 1245 944 1314 VI.
965 1248 1051 1314 544:
1076 1249 1403 1332 mutaturusque
1425 1248 1560 1316 videtur

361 1371 513 1440 bracchia
542 1371 707 1452 (Leander
737 1374 809 1454 66),
841 1368 899 1435 ubi
931 1368 1027 1435 nihili
1057 1374 1141 1436 sunt
1174 1369 1344 1453 proposita
1378 1370 1559 1455 Peyrarsdi

359 1494 622 1577 166161666616,
662 1491 859 1558 Baehrensii
892 1491 1157 1574 motuumque,
1193 1491 1336 1575 denique
1370 1491 1435 1558 IX.
1470 1492 1558 1559 850:

361 1617 556 1683 mutabat
580 1617 722 1696 turmas,
746 1629 890 1696 quocum
912 1611 982 1679 loco
1001 1611 1150 1680 conferre
1169 1612 1251 1679 utile
1270 1618 1325 1681 661
1346 1612 1484 1681 Vall'l.
1497 1613 1558 1681 VI.

361 1736 443 1803 614:
469 1740 648 1820 mutatque
669 1751 804 1803 cruores
827 1733 914 1817 (loo),
938 1731 995 1800 Sil.
1018 1734 1061 1801 It.
1086 1735 1129 1802 V.
1155 1735 1239 1802 286:
1263 1738 1379 1803 mutat
1396 1752 1559 1804 successu

360 1858 493 1926 saevior
515 1859 660 1936 hostem,
682 1856 726 1923 id.
749 1855 810 1923 VI.
834 1857 919 1922 238:
944 1859 1059 1924 mutet
1080 1856 1180 1923 hians
1202 1856 1347 1924 hostem.

406 1981 558 2048 Mutatae
592 1980 640 2046 rei
675 1979 705 2046 si
739 1977 855 2046 melior
887 1977 927 2044 ut
961 1977 1116 2062 condicio,
1160 1979 1300 2045 verbnm
1338 1977 1428 2045 idem
1463 1978 1559 2046 valet

359 2103 446 2188 quod
470 2103 616 2180 reficere,
639 2101 829 2178 emendare,
852 2116 939 2182 quae
958 2099 1158 2183 significatio
1178 2100 1360 2168 manifesta
1377 2103 1433 2167 est
1453 2101 1558 2168 Theb.

359 2224 402 2290 Il.
437 2223 520 2291 599:
554 2223 644 2291 lasso
680 2224 850 2290 mutata
884 2221 1091 2306 Pyracmone
1122 2225 1281 2290 temnens
1310 2221 1465 2303 dulmine,
1496 2224 1558 2291 III.

360 2345 444 2412 311:
479 2345 560 2412 haee
594 2348 764 2411 mutare
794 2346 947 2427 potestas
977 2340 1069 2410 nulla
1092 2342 1201 2424 datur,
1227 2343 1305 2410 XII.
1331 2345 1415 2411 490:
1439 2347 1558 2413 vestes

359 2469 527 2535 mutata
549 2471 640 2534 sorte
663 2466 807 2533 relictae.
832 2465 881 2533 De
904 2465 959 2532 illo
982 2467 1100 2533 autem
1122 2465 1194 2533 loco
1216 2465 1368 2549 pluribus
1390 2483 1447 2534 me
1457 2483 1557 2548 agere

359 2605 496 2656 necesso
533 2593 598 2666 est,
636 2586 904 2673 quandoquidem
938 2586 1155 2655 Lachmanno
1188 2591 1326 2655 auctore
1358 2587 1555 2656 Kohlmann

359 2710 481 2778 iniuria
514 2727 574 2794 pro
608 2711 739 2777 memte
768 2708 953 2775 recensuit:
984 2710 1118 2775 1661616.
1149 2707 1200 2774 At
1222 2712 1312 2775 recte
1334 2707 1557 2777 Luctantium

359 2833 622 2915 interpretatum
651 2847 727 2897 esse
756 2828 827 2897 aio:
854 2824 991 2896 ‘relecta
1013 2828 1087 2895 sive
1108 2829 1152 2896 ad
1176 2828 1339 2912 proelium
1361 2825 1556 2916 renovata’;

360 2952 466 3036 siquis
489 2953 632 3035 dubitet,
656 2951 816 3034 inspiciat
837 2949 963 3018 Lucan.
987 2949 1063 3017 VII.
1089 2949 1176 3017 150:

473 3072 649 3141 Pallenaea
672 3072 744 3140 lovi
767 3072 967 3139 mutavit
988 3070 1176 3139 fulmina
1199 3070 1351 3158 Cyclops.

404 3196 460 3263 Ad
493 3213 595 3280 quem
627 3194 738 3262 locum
773 3197 865 3261 recte
900 3193 1074 3260 Francken
1108 3198 1145 3261 61
1174 3194 1242 3262 alia
1271 3194 1365 3263 dedit
1393 3199 1430 3264 61
1452 3197 1553 3266 haec:

362 3318 468 3408 ,cum
502 3318 666 3400 Gigantes
698 3316 804 3384 coorti
839 3317 955 3383 essent
989 3315 1023 3382 in
1057 3314 1146 3402 deos,
1183 3314 1336 3384 fornaces
1370 3316 1556 3404 Cyclopum

358 3438 570 3507 incaluerunt
611 3439 648 3506 in
685 3438 871 3521 reparando
913 3437 1069 3521 tridente,
1109 3437 1309 3507 fulminibus
1349 3441 1556 3510 renovandis

359 3560 563 3646 (mutacit)”.
585 3560 742 3627 Ceterum
764 3559 806 3625 cf.
831 3559 933 3626 Theb.
958 3557 1049 3625 VllI.
1075 3559 1153 3627 656.

404 3682 479 3750 Sin
503 3699 606 3750 vero
629 3682 827 3749 deterior
849 3681 907 3748 111
929 3680 992 3748 161
1015 3684 1214 3750 mutatae
1237 3683 1457 3768 condicio,
1477 3685 1555 3754 ori·

359 3809 430 3871 tur
459 3803 581 3870 notio
611 3801 918 3885 imminuendi,
949 3803 1195 3882 atterendi,
1218 3805 1554 3874 comminuendi.

359 3926 451 4009 Quod
482 3925 512 3993 si
542 3924 645 3992 semel
668 3924 889 4008 perspexeris,
911 3923 1090 3991 ridiculum
1112 3926 1181 3993 fere
1205 3926 1376 3994 videbitur
1397 3929 1553 4014 verbum,

358 4048 561 4131 ubicumque
583 4063 622 4115 eo
646 4063 750 4113 sensu
772 4049 872 4128 poeta
895 4062 980 4112 usus
1002 4049 1066 4122 est,
1091 4065 1112 4114 a
1134 4046 1261 4114 criticis
1280 4047 1555 4118 tideliooncordia

358 4169 529 4239 asteriscis
553 4170 711 4251 saeptum
733 4170 795 4235 aut
816 4166 1019 4235 coniecturis
1033 4168 1225 4236 numerosis
1236 4168 1455 4238 sollicitatum
1465 4187 1553 4239 esse.

359 4289 683 4359 verumenimvero
707 4289 736 4355 si
759 4288 800 4354 ut
823 4292 862 4355 ut
884 4286 977 4356 locus
1000 4289 1105 4357 variis
1129 4291 1309 4374 propositis
1331 4292 1405 4359 sine
1420 4293 1553 4377 flnoop

358 4415 528 4498 pugnetur
561 4429 581 4479 e
610 4411 732 4495 quibus
763 4408 895 4477 nullum
925 4428 1088 4494 umquam
1109 4412 1160 4480 ita
1181 4413 1365 4482 editoribus
1388 4415 1554 4498 placuerit

358 4536 399 4600 ut
429 4533 462 4600 id
496 4533 531 4600 in
567 4535 706 4599 textum
735 4531 879 4613 recipere
912 4530 988 4598 ausi
1019 4532 1101 4614 sint,
1132 4533 1327 4619 plerumque
1350 4553 1391 4604 ea
1414 4537 1489 4620 ipsa
1511 4539 1554 4606 de

358 4672 461 4722 causa
491 4652 671 4722 verisimile
698 4655 762 4737 est,
791 4652 901 4719 locum
933 4653 1072 4721 minime
1099 4658 1287 4741 corruptela
1308 4656 1467 4737 laborare,
1492 4661 1553 4728 sed

358 4778 432 4846 sive
466 4777 619 4844 vocabuli
653 4774 932 4856 significationem
966 4772 1070 4842 latere
1104 4778 1347 4847 abstrusiorem
1382 4781 1456 4848 sive
1489 4781 1554 4849 loci
