3848 6006
950 830 968 894 7

408 1009 482 1076 Ittsi
499 1009 572 1076 iuro
590 1015 768 1078 monuerat
787 1010 1070 1079 Stadtmuellerus
1089 1012 1232 1096 Anyten
1253 1029 1437 1078 memorem
1450 1011 1556 1078 fuisso

362 1130 523 1214 Aeschyli
545 1133 813 1212 Agamemnonis
837 1150 999 1199 versuum
1027 1133 1265 1199 loeo-1559:

682 1282 758 1348 dht’
783 1284 956 1365 Ἰφιγένειά
980 1309 1022 1349 νιν
1044 1285 1207 1359 beneclee

678 1401 836 1487 &vedana
859 1408 898 1478 dc
922 1408 994 1488 xri,

681 1527 791 1608 πατέρ’
815 1528 995 1594 ἅντιάσισα
1018 1526 1090 1609 πρὸς
1115 1528 1264 1609 ὠκύπορον

680 1647 859 1729 πόρθμευμ’
881 1650 985 1732 ἀχέων

680 1772 770 1853 περὶ
794 1781 913 1855 χεῖρε
937 1771 1128 1852 βαλοῦσα
1152 1770 1292 1854 ditiori,

364 1942 479 2006 tamen
511 1941 546 2006 in
576 1941 759 2024 specimine
776 1940 800 2028 ¹)
831 1943 1004 2024 suspicata
1035 1959 1113 2007 sum
1136 1940 1299 2023 poetriam
1324 1956 1426 2005 usum
1450 1939 1557 2007 duale

363 2078 431 2128 non
462 2078 537 2129 esse
567 2066 761 2131 mutuatam
790 2083 811 2131 a
841 2063 910 2131 loco
933 2063 1130 2147 Aeschyleo,
1157 2062 1215 2129 sed
1239 2062 1382 2128 formam
1404 2069 1491 2142 χεῖρε
1514 2065 1557 2130 ab

363 2185 505 2266 utroque
534 2188 632 2266 poeta
662 2186 844 2252 recentiore
875 2203 950 2253 esso
980 2187 1138 2252 haustam
1171 2203 1215 2252 ox
1247 2187 1558 2253 communicatore

362 2303 465 2369 fonto.
490 2304 560 2371 Nec
582 2305 631 2371 lui
651 2306 686 2372 in
710 2324 829 2391 erroro,
855 2324 936 2373 nam
955 2311 991 2372 et
1010 2305 1200 2389 Aeschylus
1217 2311 1253 2373 et
1273 2306 1390 2389 Anyto
1409 2306 1557 2389 respexit

364 2423 532 2508 Odysseae
562 2424 637 2492 libri
660 2427 713 2492 XI
735 2426 845 2494 locum
869 2425 973 2504 illum,
996 2427 1055 2493 ubi
1077 2444 1155 2493 cum
1179 2428 1300 2493 matris
1323 2428 1443 2493 umbra
1466 2425 1557 2494 collo·

364 2545 479 2628 quitur
512 2546 626 2614 Ulixes
639 2546 676 2623 ς).
704 2547 773 2616 Nec
797 2549 909 2625 miror,
932 2549 1019 2631 quod
1041 2547 1095 2614 his
1118 2547 1199 2614 adeo
1222 2548 1377 2615 versibus
1400 2548 1557 2614 delectati

365 2671 456 2742 sunt,
492 2687 571 2736 nam
606 2670 667 2737 rix
696 2670 770 2737 aliis
800 2670 875 2737 ullis
906 2670 1026 2736 molius
1057 2667 1246 2735 illustratur
1276 2669 1418 2750 insignis
1447 2670 1558 2737 herois

365 2790 474 2872 pietas
504 2807 583 2872 erga
613 2795 782 2874 parentes,
814 2809 963 2876 uxorem,
989 2791 1107 2857 fllium.
1132 2790 1238 2872 Quam
1264 2790 1430 2873 praeclare
1452 2791 1557 2857 etiam

364 2913 556 2996 depingitur
594 2913 769 2981 Anticleao
799 2931 893 2980 amor
923 2913 1057 2996 matris,
1087 2913 1142 2979 cui
1174 2915 1318 2979 mortem
1350 2911 1468 2978 attulit
1498 2912 1557 2977 filii

364 3034 565 3101 desiderium
581 3034 622 3121 ’ll
655 3035 773 3118 ltaque
804 3034 898 3101 facile
921 3033 1157 3116 intellegimus,
1181 3052 1241 3101 cur
1263 3033 1431 3117 Aeschylo
1453 3034 1558 3101 citato

364 3156 434 3223 loco
464 3156 499 3221 hi
529 3156 745 3239 potissimum
776 3172 897 3222 vorsus
927 3155 998 3222 sint
1019 3155 1200 3222 obversati.
1224 3155 1346 3222 Postea
1369 3154 1485 3238 Anyto
1508 3172 1556 3220 ar·

364 3282 566 3358 gumentum
595 3278 682 3344 filiae
716 3281 847 3360 patrem
881 3276 1051 3345 osculatae
1085 3296 1106 3344 a
1137 3280 1237 3361 poota
1267 3276 1393 3358 tragico
1424 3277 1473 3343 sic
1503 3280 1557 3343 est

364 3403 533 3483 mutuata,
568 3404 609 3467 ut
643 3399 749 3467 etiem
783 3399 970 3482 respexerit
1000 3399 1200 3482 primarium
1232 3399 1372 3465 iontem.
1406 3397 1493 3465 Nam
1518 3401 1558 3465 ut

365 3520 533 3587 Homems
556 3521 637 3587 dicit
659 3521 700 3587 de
722 3518 832 3588 dolore
852 3520 921 3605 filii,
947 3539 968 3588 a
990 3539 1055 3604 quo
1075 3520 1215 3588 discedit
1234 3521 1353 3603 mator,
1373 3519 1422 3586 sic
1441 3521 1557 3605 Anyto

364 3642 405 3708 do
429 3642 603 3709 maestitia
620 3643 707 3709 filiae
726 3643 943 3709 moribundae
962 3642 1177 3709 carissimum
1196 3644 1327 3724 patrem
1348 3645 1558 3723 postremum

364 3763 607 3845 compellantis.
629 3764 679 3830 At
701 3767 819 3831 contra
841 3764 929 3846 apud
950 3764 1116 3845 tragicum
1136 3768 1271 3847 poetam
1291 3766 1431 3831 tantum
1449 3765 1557 3847 abest,

365 3889 406 3953 ut
432 3887 479 3952 sit
509 3903 620 3953 sermo
651 3886 693 3952 de
723 3888 906 3970 parentum
935 3886 1180 3968 liberorumque
1209 3885 1373 3971 digressu,
1406 3889 1446 3952 ut
1468 3885 1558 3953 dicat

366 4007 613 4094 Clytaemestra
644 4009 863 4093 iphigeniam,
894 4025 980 4091 quae
1009 4009 1168 4075 versetur
1196 4007 1285 4090 apud
1312 4006 1445 4084 inferos,
1469 4006 1559 4090 patri

365 4130 406 4198 ad
437 4132 560 4198 Orcum
590 4130 804 4197 descendenti
827 4147 935 4211 usque
958 4129 1000 4196 ad
1024 4130 1151 4196 flumen
1174 4129 1400 4195 Acherontem
1423 4128 1558 4195 obviam

365 4269 440 4319 osso
458 4253 594 4319 ituram.
616 4253 765 4330 Accedit,
785 4255 826 4319 ut
844 4251 920 4335 plus
938 4269 1040 4334 quam
1053 4251 1189 4318 dimidia
1202 4269 1280 4334 pars
1291 4252 1427 4334 Anytes
1438 4266 1559 4316 vorsus

365 4375 464 4457 primi
498 4378 591 4442 arcto
624 4373 805 4442 conveniat
839 4391 918 4440 cum
951 4374 1017 4440 tine
1047 4373 1214 4456 Odysseae
1246 4388 1367 4439 versus
1396 4372 1449 4438 XI
1481 4372 1557 4438 211.

367 4496 484 4563 lees
513 4513 604 4563 nunc
635 4495 791 4579 deinceps
823 4512 945 4562 versus
975 4513 1019 4562 ex
1050 4493 1134 4562 libro
1166 4495 1218 4561 XI
1238 4495 1265 4578 ⁴)
1297 4495 1495 4572 exscribam,
1518 4496 1559 4560 ut

402 4726 425 4789 1)
442 4741 499 4792 pag.
516 4723 573 4776 roe.
840 4725 866 4785 a)
884 4722 931 4773 or.
949 4723 984 4774 xr
1003 4722 1143 4773 rsa-aas.

401 4808 426 4871 a)
443 4807 490 4858 oe.
508 4807 543 4858 xr
562 4805 704 4861 107-204.
846 4808 871 4869 4)
889 4805 935 4856 or.
953 4804 989 4855 xr
1006 4804 1148 4856 soe-aee.
