3848 6006
942 851 986 921 48

367 1035 618 1107 observationes
637 1039 680 1106 ad
698 1039 840 1106 eandem
860 1055 932 1105 rem
951 1039 1160 1122 pertinentes
1178 1038 1334 1123 pmierre.
1350 1035 1434 1108 Eius
1445 1044 1562 1109 autem

366 1161 566 1229 scholiastae
588 1160 764 1228 Bobiensis
786 1165 827 1228 ut
851 1178 930 1227 mox
950 1159 1096 1227 Thomas
1116 1160 1234 1242 Stangl
1254 1161 1356 1229 talem
1378 1161 1561 1231 editionem

366 1286 470 1367 curet,
503 1284 612 1368 qualis
642 1288 697 1351 est
724 1284 797 1351 Tua
821 1283 1050 1352 Frontoniana
1063 1279 1099 1369 ¹),
1124 1301 1214 1350 nunc
1239 1300 1338 1352 nemo
1361 1301 1429 1352 non
1453 1290 1560 1367 optat
1634 1276 1639 1341 ἶ

410 1403 527 1484 Locos,
549 1423 634 1489 quos
656 1405 820 1486 corrigere
841 1419 991 1483 conarer,
1013 1404 1116 1486 selegi
1138 1404 1257 1472 hosce:

365 1619 399 1686 H
421 1619 474 1696 16,
497 1619 538 1685 12
574 1619 698 1696 0367,
725 1620 741 1685 l
777 1618 855 1698 (Pro
889 1618 980 1703 Sylla
1003 1618 1021 1703 ς
1042 1619 1099 1704 36)
1113 1617 1137 1696 ²)
1160 1618 1224 1685 Ab
1247 1616 1561 1701 Allobrogibus

366 1741 637 1808 nominatum
673 1738 836 1823 Syllam
869 1756 967 1806 esse
1002 1738 1124 1806 dicis.
1155 1738 1258 1821 Quis
1290 1740 1450 1820 negat?
1480 1739 1560 1808 Sed

365 1861 460 1942 lege
514 1862 726 1928 indicium
780 1863 823 1927 et
876 1860 985 1944 vide,
1032 1859 1389 1943 quemadmodum
1432 1862 1561 1929 nomi·

365 1986 497 2051 natus
520 1984 592 2051 sit.

489 2107 579 2174 iacta
608 2107 651 2174 ab
673 2107 795 2174 indicio
818 2105 1033 2186 Allobrogum
1055 2107 1091 2171 et
1105 2153 1113 2171 .
1127 2150 1135 2168 .
1150 2150 1181 2170 ..
1205 2104 1312 2172 inlata
1334 2105 1561 2188 propositione

367 2225 458 2318 <ne>
490 2230 601 2297 sensio
632 2229 668 2295 in
699 2228 906 2295 contrarium
938 2230 1101 2310 vergeret,
1133 2226 1393 2308 vigilantissime
1417 2226 1482 2292 ast
1504 2230 1560 2293 τοῦ

365 2349 476 2428 τρόπον
503 2352 610 2434 ipsius
633 2350 745 2416 indicii
770 2350 909 2417 modum
930 2352 1077 2417 tractare
1100 2348 1279 2431 adgressus
1300 2352 1354 2415 est
1375 2350 1560 2418 ostendens

364 2473 536 2555 quaesisse
566 2471 677 2539 Gallos
708 2472 749 2538 de
780 2471 816 2536 L.
842 2470 958 2538 Cassio
980 2469 1140 2552 Longino,
1164 2469 1448 2552 quemadmodum
1467 2469 1560 2557 Sylla

363 2599 455 2664 osset
477 2596 661 2678 animatus,
685 2596 722 2661 et
744 2593 806 2660 boc
829 2610 887 2660 eos
908 2592 1036 2678 iecisse,
1061 2610 1128 2660 non
1151 2592 1239 2676 quod
1257 2593 1299 2659 de
1316 2593 1391 2661 eius
1410 2593 1560 2661 moribus

363 2722 399 2785 et
441 2717 612 2801 proposito
649 2715 838 2783 voluntatis
872 2712 995 2796 aliquid
1029 2713 1216 2791 audissent,
1252 2714 1311 2781 sed
1345 2714 1434 2797 quod
1468 2715 1560 2783 iacta

363 2839 535 2906 mentione
569 2837 606 2902 Ρ.
630 2834 799 2919 Autronii,
835 2851 936 2917 quem
972 2836 1163 2902 consortem
1193 2834 1298 2902 fuisse
1328 2835 1561 2918 praecedentis

362 2960 452 3028 illius
474 2961 514 3027 de
534 2959 668 3027 ambitu
690 2958 922 3025 damnationis
943 2957 1131 3040 audierant,
1155 2957 1415 3026 existimassent
1433 2957 1560 3041 aliquid

362 3083 467 3150 etiam
490 3081 531 3148 do
552 3080 781 3148 coniuratione
803 3079 1041 3162 quaerendum.

408 3203 448 3270 In
472 3203 580 3285 priore
602 3203 721 3270 lacuna
744 3202 825 3270 olim
839 3198 865 3287 ⁸)
888 3202 1007 3284 scripsi
1030 3202 1114 3282 dlxi
1137 3209 1188 3281 (=
1200 3201 1370 3282 APXHI),
1392 3202 1428 3269 in
1451 3203 1561 3272 altera

363 3323 586 3407 supplendum
604 3325 737 3391 videtur
758 3321 930 3402 αὖτολεξεί,
950 3322 1037 3405 quod
1057 3323 1212 3405 congruit
1227 3323 1559 3407 cumspatiovacno.

362 3523 396 3590 H
415 3523 511 3605 60,7
537 3521 662 3599 0251,
681 3521 725 3589 32
757 3520 859 3600 (dum
890 3538 966 3605 pop.
995 3523 1124 3603 gratias
1155 3522 1226 3603 egit
1255 3522 1319 3604 55)
1350 3524 1383 3589 A
1413 3541 1561 3607 paren·

362 3647 492 3724 tibus,
524 3644 564 3710 id
596 3644 707 3727 quod
740 3659 923 3710 necesse
953 3646 1060 3722 erat,
1084 3660 1250 3726 parvus
1272 3661 1368 3711 sum
1391 3661 1560 3727 procre-

361 3773 472 3853 atus,
496 3786 518 3836 a
541 3755 666 3834 vobis
690 3769 823 3833 natus
846 3783 941 3832 sum
964 3766 1227 3834 consularis.

406 3889 579 3972 Popularia
617 3888 726 3969 magis
759 3904 862 3970 quam
896 3904 1015 3970 pressa
1049 3891 1085 3954 et
1117 3888 1232 3970 gravis
1266 3888 1350 3955 baec
1384 3890 1559 3958 sententia

360 4011 505 4096 videtur,
539 4010 598 4078 sed
627 4010 709 4078 iacit
737 4010 780 4076 ad
809 4025 910 4076 aures
939 4009 1038 4092 volgi,
1069 4013 1110 4077 ut
1131 4027 1210 4076 cum
1231 4013 1388 4093 parentes
1410 4028 1559 4094 procrea·

360 4134 473 4200 verint
507 4133 688 4216 bominem,
724 4131 789 4214 ipsi
822 4131 1017 4213 provexisse
1050 4133 1087 4198 et
1120 4131 1364 4214 quodammodo
1396 4133 1558 4214 gradibus

360 4257 525 4323 bonorum
547 4254 783 4322 oomoborasse
806 4253 986 4321 videantur
1007 4254 1213 4320 senatoriam
1236 4254 1444 4337 dignitatem.

395 4497 424 4564 l)
449 4501 484 4548 De
501 4513 549 4564 qna
566 4497 664 4563 scripsit
680 4496 807 4548 Robinson
825 4495 997 4561 liutwinus.
1014 4495 1074 4548 Rev.
1092 4496 1164 4547 xvii
1181 4513 1222 4563 pg.
1234 4496 1309 4561 idm:
1325 4513 1352 4549 to
1370 4497 1508 4550 admirable
1524 4515 1557 4551 tn

359 4580 453 4633 edition
471 4597 499 4631 ns
515 4580 625 4633 Naber's.

393 4665 418 4727 Β)
434 4664 536 4714 Numeri
554 4664 677 4730 pertinent
693 4662 724 4713 ad
741 4662 861 4713 editiones
877 4661 1081 4723 Teubncriansm,
1097 4679 1170 4728 quam
1188 4679 1266 4729 nuper
1279 4662 1446 4716 Hildabrandt
1460 4666 1557 4718 curavit

360 4750 386 4796 ot
402 4745 564 4805 Orellianam,
582 4762 644 4812 qnae
661 4745 743 4795 anici
761 4745 853 4811 prodiit
871 4744 961 4795 abhinc
977 4761 1054 4795 annos
1069 4745 1224 4812 septuaginta
1242 4747 1357 4813 quinque.

394 4829 420 4893 b)
436 4829 474 4880 Oi.
492 4827 734 4892 Bobicns.('1¹raicoti
753 4827 784 4878 nd
802 4827 914 4877 Rhenum
934 4828 1000 4893 apud
1018 4828 1123 4879 Kamink
1140 4835 1165 4880 at
1181 4829 1269 4894 fllium)
1285 4846 1326 4896 pg.
1344 4829 1385 4880 88.
