4128 6144
889 955 955 1024 225

323 1141 428 1209 immo
446 1141 578 1208 debuit!
600 1141 690 1224 Quae
709 1141 810 1227 prisci
830 1145 929 1210 vates
948 1142 1087 1209 afflante
1108 1159 1205 1209 musa
1220 1142 1300 1209 olim
1315 1141 1515 1224 cecinerant,

322 1279 363 1329 ea
381 1265 561 1346 postquam
580 1266 808 1345 pervenerunt
826 1261 868 1330 ad
887 1262 1080 1330 recentioris
1098 1263 1174 1330 aevi
1194 1263 1356 1345 homines,
1376 1263 1433 1344 qui
1448 1278 1516 1327 non

323 1384 379 1467 pia
407 1387 524 1451 mente
551 1401 592 1452 ea
621 1384 803 1453 conderent
833 1384 891 1452 sed
915 1400 994 1452 vero
1016 1401 1119 1467 quam
1142 1383 1266 1451 similia
1288 1386 1405 1450 essent
1428 1399 1516 1464 roga·

322 1507 409 1590 rent
432 1505 468 1572 in
491 1505 581 1574 iocos
602 1506 808 1590 naeniasque
831 1505 971 1573 tandem
992 1505 1161 1574 abierunt.

367 1625 539 1695 Placuisse
567 1627 732 1696 eiusmodi
762 1628 851 1696 iocos
873 1627 1037 1695 Romanis
1059 1627 1209 1709 Augusti
1232 1627 1425 1711 aequalibus
1449 1645 1515 1695 non

322 1748 377 1814 est
407 1747 495 1831 quod
525 1748 698 1826 miremur,
730 1748 789 1816 sed
819 1765 928 1832 neque
954 1764 995 1816 ea
1016 1751 1130 1817 aetate
1152 1766 1260 1834 neque
1282 1750 1410 1816 Romae
1433 1753 1516 1817 sunt

321 1868 413 1952 nati;
433 1869 659 1954 compluribus
676 1871 819 1939 saeculis
838 1874 919 1939 ante
937 1870 1094 1939 Ovidium
1113 1874 1149 1938 et
1168 1871 1349 1939 Horatium
1367 1870 1515 1938 Athenis

321 1988 414 2058 inere
443 1990 501 2074 qni
532 1991 658 2082 priseos
689 1992 893 2060 Graecorum
917 1992 1056 2077 mythos
1078 1991 1128 2059 ita
1150 1991 1310 2076 propudio
1333 1992 1514 2071 haherent3

321 2111 401 2194 quid
424 2111 512 2195 qnod
536 2130 579 2180 ne
601 2113 717 2196 epicos
739 2113 875 2197 quidem
898 2116 997 2195 poeta
1019 2113 1083 2194 ille,
1107 2112 1166 2195 qui
1188 2112 1411 2180 Demodocnm
1435 2113 1515 2180 lecit

322 2230 441 2299 Martie
474 2235 512 2300 et
545 2232 687 2301 Veneris
720 2250 852 2301 amores
881 2236 1090 2312 cantantem,
1118 2233 1304 2317 priscorum
1334 2234 1515 2301 numinum

321 2352 485 2421 cultorem
506 2369 545 2421 se
566 2354 738 2436 praestitit
759 2353 869 2436 magis
891 2353 987 2437 pium
1009 2371 1111 2437 quam
1130 2357 1247 2439 postea
1268 2354 1334 2421 luit
1352 2354 1516 2423 Horatius

321 2473 376 2540 uel
397 2473 548 2542 Ovidius.

367 2594 497 2679 Nempe
530 2596 572 2663 de
605 2596 705 2665 rebus
738 2595 865 2665 divinis
899 2600 940 2664 nt
974 2598 1016 2665 do
1044 2598 1204 2666 humanis
1232 2599 1406 2682 disputare
1437 2615 1515 2664 cum

321 2715 476 2785 homines
497 2721 679 2801 coeperunt
701 2721 738 2786 et
760 2718 841 2787 deos
862 2735 988 2804 secum,
1012 2736 1050 2788 ee
1072 2738 1151 2787 cum
1173 2719 1238 2786 diis
1261 2719 1419 2802 conferre,
1443 2720 1515 2786 fleri

321 2854 389 2904 non
410 2840 524 2922 potuit
545 2840 627 2923 quin
650 2840 870 2908 contemtioni
889 2840 1053 2908 ohnoxiae
1069 2841 1191 2908 flerent
1208 2839 1339 2908 fabulae
1359 2844 1516 2908 vetustae

320 2977 407 3044 qnae
432 2965 531 3028 orant
557 2960 598 3028 de
620 2961 796 3029 caelitibus
818 2966 855 3029 et
876 2962 1043 3029 heroibus.
1066 2960 1255 3028 Probabiles
1276 2978 1344 3028 non
1368 2960 1437 3028 iam
1460 2979 1515 3045 po

321 3084 436 3149 terant
465 3082 551 3160 duci,
581 3082 686 3150 immo
717 3082 847 3166 inanes,
878 3083 1023 3167 ineptae,
1053 3081 1198 3150 ludicrae
1229 3081 1431 3149 videbantur
1460 3082 1514 3150 vel

320 3203 427 3271 etiam
453 3205 572 3272 acerba
602 3204 859 3287 reprehensione
886 3204 1023 3287 dignac3
1051 3203 1204 3272 homines
1227 3205 1338 3286 prouti
1360 3204 1403 3270 ad
1427 3205 1516 3271 vitu-

321 3323 507 3408 perandum
525 3328 588 3392 aut
606 3324 649 3392 ad
667 3325 844 3392 ridendum
862 3325 971 3406 magis
989 3325 1146 3408 propensi
1164 3327 1272 3402 erant,
1290 3327 1352 3392 aut
1366 3325 1514 3406 graviter

320 3460 379 3512 eos
400 3444 594 3527 improbant
617 3448 678 3513 aut
700 3445 742 3514 de
763 3445 806 3513 iis
829 3446 1034 3514 iocabantur.
1058 3447 1210 3513 Minerva
1232 3462 1275 3514 ex
1298 3445 1388 3513 Iovis
1405 3447 1514 3529 capite

321 3568 414 3648 nate,
437 3565 589 3634 Bacchus
611 3584 655 3635 ex
674 3567 748 3636 eius
766 3569 903 3646 femore,
923 3568 1052 3637 Helena
1070 3584 1113 3634 ex
1132 3585 1206 3644 ovo,
1226 3568 1393 3650 deumque
1410 3567 1513 3634 homi·

320 3705 470 3771 numque
499 3691 596 3771 pater
622 3688 659 3756 in
689 3706 832 3774 cycnum
864 3689 917 3756 vel
943 3690 978 3756 in
1002 3692 1139 3757 taurum
1162 3691 1319 3756 mutatus
1342 3687 1513 3772 multoque

320 3825 406 3892 quae
427 3813 526 3877 erant
548 3809 777 3878 huiuscemodi
800 3811 956 3879 modain
978 3811 1068 3879 iocos
1089 3810 1256 3892 abierunt,
1281 3810 1378 3878 modo
1397 3811 1513 3892 turpia

319 3935 423 4015 atque
440 3930 567 3999 nefaria
586 3930 760 3999 mendacia
774 3935 858 3998 sunt
868 3931 967 4000 dicia.
980 3932 1134 4015 Nequam
1145 3934 1261 3999 eutem
1273 3931 1513 3998 homunciones

319 4051 442 4119 fabulis
472 4069 557 4136 quae
586 4055 685 4119 erant
706 4051 748 4119 de
770 4053 908 4120 deorum
932 4053 1068 4134 flagitiis
1086 4052 1192 4129 abuti,
1212 4056 1252 4117 ut
1272 4052 1345 4119 suis
1364 4053 1514 4133 ipsorum

319 4173 523 4240 facinoribus
554 4173 690 4240 veniam
716 4175 888 4256 peterent:
914 4172 995 4240 talia
1018 4174 1048 4240 si
1071 4173 1211 4240 licerent
1233 4173 1375 4255 superis.
1397 4171 1514 4254 quidni

319 4298 357 4362 et
386 4293 519 4362 miseris
548 4293 748 4362 mortalibus
778 4294 1053 4377 concederentur;
1085 4295 1121 4359 in
1153 4293 1242 4361 caelo
1272 4294 1302 4360 si
1330 4311 1396 4360 non
1421 4296 1514 4359 esset

320 4415 503 4481 scelestum
531 4413 643 4482 fallere
674 4414 727 4482 vel
758 4415 873 4493 iuram,
903 4415 1007 4483 rixari
1035 4415 1089 4482 vel
1119 4415 1225 4483 amori
1247 4413 1429 4495 indulgere,
1452 4430 1512 4480 cur

320 4534 460 4603 tandem
490 4536 527 4602 in
556 4535 657 4603 terrie
686 4551 727 4603 ea
756 4536 871 4604 omnia
900 4535 1188 4619 improbarenturl
1220 4535 1265 4601 lot
1294 4534 1512 4600 meminimus

319 4653 492 4722 iniustum
511 4658 678 4724 oratorem
697 4655 733 4722 in
752 4668 854 4724 scena
871 4656 1120 4739 Aristophaneo
1138 4654 1286 4722 versutis
1306 4653 1417 4721 verbis
1431 4654 1513 4720 haec

318 4778 435 4844 omnia
455 4777 754 4864 demonstrantem,
779 4777 997 4847 meminimus
1018 4779 1187 4855 iuvenem¹
1207 4777 1264 4860 qui
1283 4793 1326 4843 ex
1345 4775 1400 4843 illa
1419 4775 1513 4841 disci·

319 4898 411 4983 plina
432 4915 549 4966 recens
571 4899 661 4982 patri
683 4916 746 4966 suo
767 4898 922 4983 colaphos
945 4899 1082 4980 infregit
1104 4897 1410 4982 impudentissime.

1384 5019 1414 5066 rs
