3848 6006
369 1724 444 1807 line
479 1725 663 1808 voeabula
696 1724 843 1810 Graeca
874 1727 1090 1828 postliminio
1120 1727 1154 1807 in
1184 1725 1358 1826 integrum
1389 1723 1559 1806 restitum

794 2145 824 2214 J.
856 2145 890 2215 s.
921 2145 1140 2229 sarran

411 2601 619 2670 Litterarum
648 2601 853 2672 Graecarum
881 2604 972 2686 apud
1002 2606 1174 2672 nostrates
1202 2621 1262 2687 per
1285 2603 1428 2687 tetiam
1451 2618 1560 2671 annos

366 2723 525 2806 amitere
549 2725 653 2808 atque
676 2722 785 2808 ὁδηγῷ,
808 2742 888 2792 cum
911 2724 986 2792 uici
1008 2725 1252 2806 octogesimum
1273 2724 1388 2805 agenti
1411 2723 1560 2792 natalem

364 2846 456 2914 diem
485 2845 639 2929 philologi
669 2845 791 2914 Batavi
823 2863 949 2914 munus
979 2846 1027 2915 'le
1048 2846 1187 2929 dignum
1210 2863 1269 2930 per
1292 2845 1463 2932 symbolas
1485 2863 1560 2913 con·

364 2967 540 3036 ferendum
570 2967 791 3053 destinarent,
823 2971 865 3035 ut
886 2967 1009 3053 aliquid
1033 2986 1093 3052 pro
1115 2971 1211 3053 parte
1233 2966 1323 3039 virili
1345 2968 1560 3052 quantulum·

363 3107 498 3174 cunque
526 3092 564 3158 et
585 3090 659 3174 lpse
681 3090 939 3170 contribuerem,
962 3089 1154 3159 adversaria
1176 3090 1369 3175 perquisivi.
1391 3089 1473 3157 lude
1495 3089 1561 3157 duo

365 3210 440 3278 libi
471 3210 633 3279 voeabula
662 3211 764 3279 affero
794 3211 921 3294 origine
944 3212 1082 3294 Graeca,
1103 3227 1223 3278 verum
1242 3211 1278 3278 in
1296 3209 1561 3292 alienigenarum

363 3331 489 3400 litteris
510 3331 683 3400 latitantia
705 3331 849 3400 necdum
871 3333 999 3417 agnita.
1022 3333 1180 3402 Alterum
1202 3334 1292 3417 apud
1316 3334 1485 3402 Romanos
1505 3349 1561 3400 ex·

363 3456 449 3534 stat,
472 3454 562 3537 apud
583 3453 685 3522 Indos
707 3452 865 3522 alierum.

410 3576 452 3644 ln
474 3575 611 3658 Dialogo
634 3575 779 3655 Tactten,
803 3576 861 3644 ubi
885 3577 977 3660 Aper
999 3576 1151 3646 Materno
1174 3579 1351 3647 dissuadet
1373 3595 1417 3646 ne
1435 3577 1561 3660 ingenii

364 3697 496 3767 viribus
518 3697 706 3782 studiisque
728 3698 765 3767 in
787 3715 888 3783 opera
908 3699 1039 3783 poetica
1061 3701 1159 3769 unice
1181 3703 1354 3770 conversis
1376 3702 1488 3769 iorum
1510 3706 1562 3770 at·

363 3836 429 3904 qne
457 3836 581 3888 causas
610 3819 762 3889 deserere
793 3823 921 3905 pergat,
951 3821 1042 3889 inter
1072 3821 1148 3907 alia,
1174 3840 1203 3889 e.
1232 3823 1283 3909 10,
1308 3824 1500 3891 Romanum
1522 3826 1559 3890 et

363 3943 532 4010 craterem
560 3957 643 4009 eum
671 3957 747 4010 esse
769 3941 939 4010 admonet.
964 3943 1035 4022 „Ut
1057 3944 1089 4011 si
1110 3945 1144 4011 in
1169 3945 1306 4013 Graecia
1329 3948 1434 4013 natus
1456 3962 1561 4024 essea

363 4061 423 4129 nbi
454 4061 601 4131 ludicras
634 4079 766 4147 quoque
799 4067 893 4132 artes
922 4082 1078 4134 exercere
1112 4067 1294 4135 honestum
1327 4070 1392 4152 est,
1427 4085 1467 4135 ae
1499 4067 1562 4135 tibi

365 4183 551 4253 Nicostrati
578 4184 680 4253 robur
709 4204 749 4254 ac
772 4186 862 4255 vires
885 4187 920 4255 di
942 4186 1125 4266 dedissent,
1150 4206 1216 4257 non
1239 4192 1373 4272 paterer
1394 4188 1563 4258 immanes

364 4304 439 4374 illos
468 4308 506 4374 et
536 4306 579 4374 ad
608 4323 759 4391 pugnam
788 4311 888 4377 natos
918 4308 1060 4379 lacertos
1091 4308 1233 4378 levitate
1260 4311 1363 4395 jaculi
1384 4315 1447 4379 aut
1466 4313 1561 4397 jactu

364 4426 449 4496 disci
471 4443 662 4513 vanescere,
685 4428 735 4497 sic
757 4447 849 4498 nunc
870 4435 906 4498 te
924 4431 967 4499 ab
985 4431 1161 4499 auditoriis
1179 4435 1214 4500 et
1234 4432 1379 4500 theatris
1397 4433 1432 4500 in
1452 4433 1562 4501 iorum

364 4554 402 4619 et
424 4550 467 4618 ad
489 4567 611 4619 cauam
633 4554 670 4619 et
691 4551 734 4619 ad
757 4571 839 4622 vera
861 4553 985 4637 proelia
1006 4554 1122 4623 rocol*
1146 4557 1277 4625 Haerec
1300 4557 1336 4624 in
1359 4557 1498 4626 vocibus
1516 4557 1563 4624 ccl

358 4688 518 4758 picenum
547 4674 656 4740 nawa.
685 4674 913 4758 intelligerem
943 4675 974 4744 si
1005 4677 1134 4761 pugiles
1159 4682 1297 4746 tantum
1319 4682 1355 4746 et
1378 4680 1562 4747 incuteres

364 4796 566 4880 pugnarent,
599 4794 718 4878 gladiis
749 4813 828 4866 vero
863 4797 918 4867 vel
952 4798 1098 4886 sagittis,
1132 4801 1187 4868 vel
1222 4800 1412 4869 mehercule
1443 4801 1563 4888 jaculis
