3848 6006
993 797 1060 864 118

472 981 562 1046 Anu.
596 980 624 1045 L
659 979 714 1044 42.
747 978 887 1059 legitur:
922 978 1043 1063 ‘Divus
1076 976 1184 1045 Iulius
1215 977 1417 1046 seditionem
1450 978 1634 1048 exereitus

426 1102 528 1169 verbo
562 1117 630 1167 uno
663 1101 879 1183 compescuit,
913 1101 1062 1183 Quirites
1095 1099 1245 1168 vooando
1278 1101 1337 1183 qui
1370 1104 1633 1170 sacramentum

426 1224 500 1291 eius
523 1223 772 1305 detrectabant3
795 1221 896 1288 divus
918 1222 1099 1304 Augustus
1120 1222 1220 1290 vultu
1242 1227 1279 1291 et
1300 1227 1442 1308 aspectu
1463 1222 1632 1290 Antinous

425 1346 574 1427 legiones
594 1344 779 1412 exterruit:
810 1360 873 1411 nos
894 1348 935 1411 ut
956 1346 1108 1413 nondum
1128 1344 1274 1431 eosdem,
1297 1345 1349 1413 ita
1369 1362 1415 1414 ex
1434 1345 1500 1414 illis
1518 1348 1628 1429 ortos,

427 1468 458 1533 si
487 1467 672 1549 Hispaniae
700 1465 861 1550 Syriaeve
890 1466 989 1533 miles
1017 1471 1265 1553 aspernaretur,
1295 1470 1413 1535 mmen
1438 1468 1563 1535 mirum
1589 1471 1630 1536 et

426 1589 602 1669 indignum
636 1591 729 1671 erat3
759 1588 912 1671 primane
939 1592 976 1655 et
1004 1589 1168 1657 vicesima
1196 1589 1354 1671 legiones,
1383 1589 1440 1656 illa
1465 1588 1574 1670 siguis
1605 1607 1630 1658 o

429 1709 558 1777 'liberio
587 1710 743 1792 aooeptis,
767 1713 807 1777 tu
830 1713 884 1776 tot
906 1708 1107 1792 proeliorum
1128 1711 1229 1788 socia,
1251 1714 1305 1778 tot
1328 1710 1488 1795 praemiis
1510 1714 1628 1796 aucta,

427 1830 594 1912 egregiam
616 1830 694 1897 duci
716 1834 832 1897 vestro
854 1831 999 1912 gratiam
1023 1832 1192 1900 refertis?

473 1952 600 2034 Quibus
621 1953 657 2018 in
680 1952 792 2019 verbis
814 1952 1006 2020 Germanici
1028 1954 1071 2021 ad
1090 1954 1218 2021 milites
1236 1955 1375 2023 rebelles
1392 1953 1449 2022 illa
1467 1971 1489 2022 a
1507 1954 1629 2022 Tacito

427 2073 565 2141 mndata
596 2074 764 2140 modestia
793 2073 1020 2157 desideratum
1044 2076 1104 2142 sed
1126 2076 1255 2144 mribus
1277 2076 1379 2144 velim
1403 2094 1476 2162 ‘noa
1495 2078 1535 2143 ut
1555 2093 1629 2143 non

430 2195 535 2275 [dom]
560 2195 688 2261 eosdem
710 2194 769 2261 iin'
783 2244 791 2260 .
806 2241 814 2260 .
829 2241 859 2258 ..
880 2198 917 2260 et
940 2199 1042 2263 erunt
1064 2198 1169 2264 verba
1191 2197 1377 2265 modestiae
1397 2197 1505 2281 plena

473 2317 605 2384 Fierine
635 2320 750 2400 potest
778 2320 820 2384 ut
849 2313 1072 2385 Germaniam
1102 2318 1225 2386 duent
1254 2336 1293 2386 se
1321 2335 1455 2402 sperare
1483 2319 1554 2387 fore
1583 2322 1630 2386 ut

427 2439 604 2524 aliquando
634 2441 727 2505 esset
755 2439 843 2507 alter
874 2438 986 2524 ‘divus
1007 2438 1136 2523 Iulius',
1162 2437 1248 2507 alter
1270 2439 1383 2526 ‘divus
1405 2439 1629 2522 Augustus?

429 2560 497 2628 Vix
519 2560 662 2628 credam.

474 2682 652 2749 Praeterea
682 2681 744 2749 hoo
774 2698 841 2748 uno
870 2680 941 2747 loeo
970 2681 1059 2764 apud
1090 2681 1247 2750 'l'aoitum
1277 2680 1449 2768 ,noudum’
1471 2682 1629 2766 iungitur

428 2820 508 2870 cum
548 2803 744 2886 pronomine
785 2802 951 2887 personali
985 2802 1058 2882 (eir.
1092 2801 1174 2871 Lex.
1211 2804 1288 2873 lae
1322 2803 1398 2872 edd.
1429 2804 1559 2873 (iernen
1587 2807 1629 2873 et

428 2923 539 3002 Graes,
562 2941 590 2990 s.
615 2931 673 2996 v.).

475 3046 625 3113 Tandem
654 3045 737 3112 NOS
765 3046 825 3113 V'l
856 3045 947 3112 NON
976 3044 1146 3113 llosllltlt
1173 3050 1210 3114 et
1236 3046 1319 3115 NOS
1347 3047 1408 3116 VT
1434 3046 1628 3116 NONDUM

429 3166 599 3235 EOSDEM
621 3169 780 3235 confundi
802 3173 954 3252 possunt
