4144 6154
972 915 1035 982 421

408 1100 516 1176 tium,
546 1102 586 1166 ut
616 1097 885 1166 commodissime
914 1097 1078 1182 potuerit,
1107 1115 1151 1165 ex
1182 1097 1317 1179 ingenio
1351 1098 1546 1166 restituisse
1568 1093 1603 1178 ¹).

451 1220 526 1288 Etsi
555 1219 742 1288 luculenter
764 1221 904 1304 apparet
927 1218 1121 1286 Ciceronem
1143 1236 1210 1286 non
1235 1219 1445 1286 Herodotum
1470 1219 1604 1304 potissi·

407 1360 502 1410 mum
525 1346 605 1410 ante
622 1340 736 1409 oculos
756 1341 922 1425 habuisse,
941 1375 973 1388 ·-
993 1343 1139 1408 matrem
1159 1341 1240 1408 deae
1259 1340 1467 1408 sacerdotem
1487 1339 1604 1420 fuisse,

406 1468 448 1530 ut
469 1463 531 1531 hoc
552 1467 640 1545 utar,
663 1483 685 1532 a
706 1466 802 1547 patre
824 1463 984 1531 historiae
1006 1480 1049 1530 ne
1069 1467 1353 1531 commemoratur
1370 1462 1518 1546 quidem,
1538 1461 1604 1529 alia

406 1588 524 1654 contra
535 1601 719 1654 memorare
730 1585 860 1652 omittit
870 1584 993 1664 Cicero,
1007 1585 1132 1652 -vide
1142 1589 1259 1653 tamon
1272 1602 1314 1652 ne
1325 1600 1445 1668 operae
1455 1584 1604 1666 pretium

407 1708 454 1775 sit
474 1707 637 1775 Herodoti
658 1707 861 1776 vertacum
883 1706 953 1776 loco
977 1707 1127 1775 Tulliano
1146 1724 1353 1791 componere.
1375 1706 1475 1774 Haud
1494 1721 1603 1790 aegre,

407 1829 472 1895 nisi
506 1827 610 1912 fallor,
645 1829 707 1896 tibi
741 1829 957 1913 persuadebis
990 1835 1063 1898 tam
1097 1847 1256 1912 graecum
1289 1847 1392 1913 quam
1422 1845 1605 1896 romanum

408 1950 604 2033 scriptorem
635 1950 675 2018 de
705 1950 823 2019 Solone
852 1954 889 2019 et
916 1951 1037 2019 Croeso
1059 1969 1119 2035 pro
1140 1952 1311 2036 proposito
1334 1952 1422 2019 satis
1444 1951 1605 2019 habuisse

408 2074 608 2141 summatim
630 2073 812 2141 dumtaxat
833 2074 956 2142 referre
977 2075 1020 2138 rt
1041 2072 1231 2154 θρυλούμενα
1244 2071 1289 2160 ²):
1317 2074 1493 2156 antiquam
1511 2071 1605 2140 fatu-

406 2193 474 2262 lam
504 2194 540 2260 in
571 2193 693 2277 uulgus
722 2198 849 2274 notam,
885 2195 1001 2279 quotes
1036 2196 1162 2264 multas
1195 2195 1333 2264 uberius
1361 2199 1538 2263 enarratas
1568 2197 1605 2292 et

408 2317 599 2386 Herodotus
621 2335 649 2385 e.
662 2335 693 2399 g.
717 2317 861 2401 reperire
883 2320 1033 2401 potuerit
1054 2318 1084 2382 ἐν
1107 2326 1178 2392 ταῖς
1198 2321 1253 2385 τοῦ
1275 2321 1436 2401 eructuat
1455 2316 1604 2396 punctu

409 2439 626 2518 ὑπομνήμασιν
646 2442 683 2507 et
705 2439 817 2508 Cicero
838 2441 927 2524 apud
951 2441 1132 2524 Ephorum.

453 2560 642 2629 Herodotus
685 2561 791 2629 tradit
832 2566 1015 2646 utrumque
1056 2561 1197 2629 fratrem
1238 2561 1417 2630 inusitatis
1454 2561 1603 2646 corporis

409 2683 538 2750 viribus
567 2682 737 2764 insignem
765 2682 888 2751 fuisse:
916 2679 1094 2766 ἀνδλνφδμνν
1121 2706 1156 2748 τε
1179 2681 1349 2765 ἆμφδτεμνν
1373 2681 1479 2761 δμοίως
1505 2675 1600 2750 teat:

408 2804 507 2872 ambo
526 2803 563 2870 in
581 2803 669 2871 ludis
687 2805 855 2888 gymnicis
873 2805 1022 2889 praemia
1040 2807 1312 2889 reportaverant:
1331 2805 1479 2872 athletae
1498 2803 1603 2886 igitur

408 2928 506 2993 erant
539 2926 575 2993 in
605 2926 773 3009 palaestra
803 2927 989 2995 exorcitati.
1021 2928 1061 2995 In
1091 2945 1176 3011 quos
1206 2926 1284 3011 quid
1316 2926 1437 2995 melius
1458 2928 1604 3011 quadrat

407 3065 511 3130 quam
533 3046 566 3115 id
589 3049 676 3132 quod
699 3049 823 3130 legitur
845 3049 933 3133 apud
953 3050 1062 3118 solum
1082 3049 1292 3117 Ciceronem:
1308 3050 1601 3138 „tumiucencs...

409 3186 512 3236 vesun
541 3187 661 3238 cosma
692 3187 842 3239 oosrosn
871 3187 1234 3258 ornumornum,
1258 3169 1300 3238 ad
1322 3172 1442 3254 iopam
1464 3188 1602 3238 meuse·

408 3292 539 3360 ruut’?
561 3294 731 3374 Rogatum
753 3297 790 3361 te
812 3293 922 3378 velim,
947 3294 1137 3362 venerande
1159 3292 1292 3377 collega,
1315 3311 1399 3361 num
1420 3293 1604 3363 verisimile

398 3417 456 3483 'sit
475 3409 673 3500 scriptorem
692 3432 880 3501 romanum,
900 3417 958 3499 qui
977 3417 1017 3484 de
1035 3417 1199 3485 iuvenum
1214 3417 1328 3485 robore
1340 3416 1602 3500 corporisdeque

408 3536 567 3620 praemiis
590 3537 771 3619 reportatis
793 3554 836 3604 ne
854 3539 996 3605 verbum
1014 3539 1149 3621 quidem
1167 3539 1294 3622 iecerit,
1314 3537 1370 3606 illa
1381 3537 1602 3607 sineauctore

409 3656 450 3724 de
474 3675 536 3725 suo
558 3658 726 3728 tinxisse?

454 3779 645 3847 Herodotus
666 3796 759 3859 sane,
782 3783 823 3848 ut
845 3781 929 3848 nihil
950 3781 992 3850 ad
1015 3782 1206 3850 sententiae
1228 3782 1461 3863 integritatem
1480 3781 1603 3852 deside·

409 3906 551 3979 raretur,
573 3902 769 3984 simpliciter
791 3902 1002 3986 breviterque
1025 3904 1103 3970 dare
1126 3902 1255 3986 potuit:
1276 3902 1302 3967 oi
1324 3899 1357 3967 tr
1380 3907 1438 3983 σφι
1462 3900 1536 3981 βόες
1549 3951 1558 3972 .
1571 3949 1603 3972 ..

410 4022 443 4088 οὔ
463 4019 799 4103 superlinendum,
819 4023 845 4087 oi
866 4021 897 4088 ὃ)
917 4022 1030 4098 νεηνίαι
1053 4019 1216 4094 ὑποδύντες
1236 4021 1322 4090 αὐτοὶ
1343 4022 1409 4092 uri.
1428 4023 1492 4092 Sed
1512 4025 1604 4092 enim

409 4144 483 4228 ipsa
505 4143 701 4230 corruptela,
726 4161 828 4228 quam
850 4143 1086 4222 indicavimus,
1109 4143 1312 4211 documento
1333 4146 1389 4211 est
1412 4159 1490 4213 eum
1512 4145 1603 4213 aliud

410 4265 578 4347 quoddam
605 4266 823 4333 subiunxisse
852 4281 914 4332 nec
943 4264 1038 4332 facile
1068 4265 1183 4347 aptius
1211 4263 1394 4349 quidquam
1415 4267 1604 4350 excogitare

444 4555 469 4620 l)
491 4555 521 4605 In
543 4554 633 4604 Codice
656 4553 797 4605 florentino
819 4555 835 4605 d
859 4553 946 4617 (Statu)
963 4551 1245 4620 peristromata
1263 4551 1317 4615 §tt
1334 4550 1415 4612 simile
1432 4553 1491 4619 quid
1509 4553 1603 4606 tectum

409 4635 529 4687 uidemus.
547 4635 597 4686 Ubi
615 4651 671 4686 cum
686 4635 712 4685 in
726 4635 812 4686 charta
828 4636 919 4687 detrita
936 4651 976 4686 νν.
989 4634 1020 4684 vd
1035 4632 1096 4684 θεῖον
1111 4637 1160 4684 πᾶν
1175 4630 1213 4684 tu
1226 4631 1338 4697 φθονερόν
1352 4650 1383 4684 τι
1396 4633 1439 4684 ui
1453 4632 1602 4699 ταμνχῆδνς

410 4719 573 4779 senuissent,
589 4718 728 4784 supenenit
745 4719 787 4783 qui
804 4719 893 4768 sinim
910 4735 954 4770 cuc
974 4719 1056 4768 Marte
1073 4717 1109 4767 cic
1125 4716 1214 4767 sarcire
1231 4721 1334 4768 conatus
1350 4717 1395 4767 situ
1411 4716 1442 4766 ad
1458 4714 1603 4779 troporum

410 4803 460 4850 uite
476 4798 577 4862 οὐδαμᾶ
593 4797 618 4849 ἐν
635 4797 723 4862 sutrii
741 4797 821 4860 utum.

444 4882 470 4946 2)
488 4883 525 4933 ct
543 4881 620 4933 Droo.
636 4881 731 4932 mma.
751 4883 775 4934 1.
793 4882 818 4943 2,
833 4883 859 4933 4.
