3848 6006
644 1645 856 1734 conversus
885 1649 919 1732 in
949 1651 1100 1751 pretium
1129 1647 1222 1736 deus
1236 1650 1274 1751 ¹).

708 2037 739 2106 J.
764 2036 862 2103 VAN
884 2036 1110 2105 Lusuwuri
1133 2039 1163 2105 J.
1177 2057 1208 2106 r.

408 2406 501 2473 Inter
530 2404 658 2487 priscae
686 2405 772 2471 artis
798 2420 908 2487 opera.
931 2421 1018 2487 quse
1039 2408 1260 2472 asservantur
1282 2406 1319 2473 in
1342 2408 1558 2490 pinacothecas

362 2526 624 2610 vindobonensi,
645 2528 700 2593 est
719 2525 835 2592 tabum
851 2524 1016 2609 quaedam
1036 2526 1208 2610 splendide
1227 2528 1335 2596 veluti
1353 2529 1427 2598 luce
1446 2550 1557 2601 corus

363 2666 445 2716 cans
465 2649 684 2730 omniumque
706 2646 818 2715 oculos
841 2647 895 2714 vel
918 2647 1053 2715 eminus
1075 2648 1285 2717 intuentium
1308 2651 1344 2718 in
1366 2670 1404 2720 se
1422 2671 1558 2724 conver·

364 2775 450 2856 tous,
474 2787 561 2853 quae
583 2767 728 2852 pueliam
751 2768 1029 2836 formosissimam
1052 2769 1189 2837 exhibet
1210 2772 1246 2837 in
1268 2773 1370 2841 cubili
1388 2775 1557 2846 iacentem

363 2892 515 2976 laetoque
545 2891 643 2958 vultu
674 2907 811 2958 sursum
841 2893 1071 2974 spectantem
1102 2891 1194 2959 nuda
1221 2897 1275 2960 est
1297 2898 1333 2961 et
1357 2914 1376 2964 e
1397 2899 1556 2980 stragulis

363 3015 540 3098 purpureis
561 3031 683 3097 eorpus
705 3011 885 3079 candidum
909 3012 993 3078 mire
1016 3011 1168 3096 refulget.

408 3138 458 3204 At
488 3134 624 3219 propius
653 3133 890 3201 accedentibus
919 3150 960 3201 ea
989 3151 1119 3216 quoque
1150 3136 1239 3204 flunt
1269 3140 1450 3222 conspicue
1471 3162 1556 3227 quae

363 3277 442 3326 cum
471 3258 507 3325 in
537 3258 658 3324 umbrs
687 3254 880 3322 delitescere
909 3255 1065 3322 iussisset
1092 3256 1207 3339 pictor,
1232 3258 1429 3330 clementior
1451 3266 1556 3334 otiam

364 3383 520 3450 vetustos
549 3378 621 3445 situ
649 3374 867 3443 abscondidit
898 3376 1050 3459 Apparet
1080 3375 1150 3443 ism
1181 3377 1277 3445 times
1299 3381 1407 3450 nubes
1429 3386 1558 3467 puellae

363 3500 547 3567 imminens
569 3513 793 3580 nummosque
814 3513 933 3564 amoos
955 3496 1151 3582 demittens,
1175 3499 1290 3568 adstat
1311 3506 1429 3570 autem
1447 3508 1559 3576 taetre

364 3623 528 3707 quaedam
563 3637 662 3703 snus,
701 3635 788 3702 quse
822 3621 975 3702 pateram
1009 3620 1183 3702 protendit
1216 3625 1256 3689 ut
1289 3641 1392 3707 opum
1425 3627 1558 3698 illarum

364 3744 488 3829 aliquid
510 3741 713 3824 intercipiat.

410 3864 552 3947 Imagini
570 3861 813 3947 pulcherrimae
831 3861 908 3945 quis
922 3865 1067 3929 curtam
1079 3865 1192 3947 turpis
1202 3866 1409 3938 admiscuit?
1425 3873 1558 3943 Norunt

364 4005 483 4057 omnes
514 3987 574 4070 qui
607 3986 729 4052 harum
758 4000 873 4051 rerum
901 4000 970 4050 non
1000 3983 1099 4067 plane
1129 3992 1213 4053 sunt
1241 3990 1360 4058 rudes:
1392 3997 1446 4061 est
1477 3997 1559 4066 haec

365 4109 479 4178 Dauee
508 4125 530 4174 a
560 4106 693 4174 'i'itiano
716 4105 818 4188 picta,
842 4107 897 4171 est
918 4105 1002 4172 dous
1024 4105 1060 4172 in
1083 4123 1243 4176 nummos
1266 4116 1434 4194 mutatus,
1457 4135 1558 4200 quom

365 4230 453 4297 dixit
474 4228 648 4297 Horatius.

411 4355 461 4418 At
490 4366 558 4418 non
588 4349 693 4417 talem
722 4347 860 4416 Daneen
889 4364 973 4415 aevo
996 4353 1135 4417 vetusto
1157 4351 1259 4420 finxit
1280 4355 1484 4428 Graecorum
1506 4365 1560 4431 vis

365 4473 504 4556 poetica
534 4470 598 4538 list
626 4470 710 4537 haec
739 4468 851 4550 imago
882 4471 1029 4536 venusta
1059 4470 1194 4554 quidem
1220 4493 1408 4562 magnoque
1430 4485 1560 4553 artifice

401 4731 426 4794 l)
443 4729 516 4781 idom.
537 4729 689 4794 ludum„
709 4726 837 4778 Memdr.
860 4727 926 4778 Sem.
942 4727 993 4778 244
1009 4743 1070 4794 sqq..
1087 4729 1142 4781 Ter.
1160 4730 1224 4784 Eun.
1242 4735 1282 4785 111
1300 4739 1324 4801 d,
1341 4739 1381 4803 dd,
1399 4740 1460 4794 Hor.
1478 4744 1561 4799 curm.

366 4814 406 4865 111
424 4814 465 4876 lt,
481 4812 554 4864 ovid.
571 4814 656 4863 Amor.
671 4809 711 4861 111
729 4809 752 4871 8,
769 4810 801 4860 89
819 4826 872 4876 sqq.
