3848 6006
955 794 1023 863 460

390 979 506 1047 audito
536 966 657 1046 nuntio
688 978 885 1047 Heracleam
913 998 935 1048 a
965 957 1120 1049 Clearcho
1143 960 1337 1064 oppressam
1360 996 1436 1046 osse
1459 977 1588 1046 omisso

389 1099 497 1182 priore
529 1099 666 1167 consilio
701 1100 860 1167 decennio
894 1079 1046 1168 nondum
1076 1104 1212 1183 peracto
1241 1100 1389 1169 reditum
1420 1103 1585 1168 maturat.

389 1218 503 1287 Rediit
520 1219 624 1302 igitur
641 1223 723 1288 ante
738 1238 870 1320 annum
889 1220 1166 1290 trecentesimum
1184 1222 1441 1303 nonagesimum
1459 1239 1491 1289 a.
1508 1220 1586 1288 Chr.

389 1345 429 1411 ut
463 1342 610 1425 patriam
643 1342 799 1410 liberaret
828 1344 863 1410 a'
880 1346 1027 1428 tyranno
1058 1342 1224 1428 clearcho,
1255 1343 1311 1411 cni
1340 1342 1585 1426 paenultimam

387 1462 564 1562 epistelam
591 1463 717 1547 scribit,
741 1462 878 1548 plenam
900 1463 1134 1551 philosophiae,
1159 1468 1201 1532 nt
1223 1482 1261 1533 se
1274 1465 1314 1532 ‘ei
1338 1467 1458 1548 purget
1481 1467 1587 1548 atque

388 1601 490 1652 suum
513 1572 825 1652 reditnm'nnntiot
846 1584 976 1654 Ultima
993 1585 1136 1669 epistola
1147 1586 1274 1671 scripta
1284 1590 1338 1654 est
1351 1586 1393 1654 ad
1407 1585 1585 1654 Platonem

388 1706 443 1774 cui
476 1706 634 1774 valedicit
656 1710 832 1790 tamquam
854 1707 1041 1775 moriturus
1062 1707 1098 1775 in
1121 1708 1222 1776 caede
1246 1707 1385 1793 tyranni
1407 1707 1584 1791 patranda.

433 1829 526 1896 Haec
543 1828 657 1896 omnia
676 1827 887 1913 magniloqua
904 1832 941 1896 et
959 1846 1027 1896 non
1045 1828 1120 1897 sine
1139 1829 1231 1896 iastu
1242 1827 1379 1910 tragico.
1391 1827 1455 1897 Sed
1467 1844 1584 1895 revera

386 1954 469 2018 sunt
488 1949 688 2034 speciosiora
701 1966 804 2033 quam
817 1950 957 2018 veriora.
970 1949 1150 2019 Clearchus
1161 1949 1299 2017 demum
1310 1949 1443 2019 circiter
1453 1965 1581 2017 annum

385 2071 664 2140 trecentesimum
693 2073 941 2154 sexagesimum
970 2075 1131 2156 quartum
1158 2072 1339 2157 tyrannide
1361 2072 1493 2155 potitus
1516 2076 1582 2149 eet,
1627 2064 1637 2082 ‘

384 2211 488 2277 quam
511 2211 570 2278 per
589 2193 763 2262 duodecim
782 2212 889 2263 annos
908 2194 1066 2263 obtinuit.
1086 2195 1159 2262 Hoc
1177 2197 1313 2262 constat
1333 2194 1363 2262 si
1382 2193 1460 2277 quid
1480 2192 1580 2261 alind.

386 2316 543 2384 Memnon
574 2313 806 2384 Heracleensis
829 2317 865 2382 et
888 2314 1052 2383 Diodoms
1074 2314 1207 2382 Siculus
1229 2313 1384 2382 disertlm
1407 2315 1583 2381 testantur

385 2435 581 2506 clearchum
611 2455 724 2505 rerum
754 2452 829 2504 esse
858 2438 1007 2521 potitum
1030 2436 1238 2521 temporibus
1259 2436 1383 2520 quibus
1404 2434 1581 2520 Pelopidas

384 2559 540 2627 ceciderit
563 2557 597 2626 in
619 2575 734 2644 pugna
756 2562 874 2627 contra
896 2561 1085 2644 tyrannum
1108 2557 1341 2627 Alexandrum
1360 2559 1468 2643 primo
1488 2564 1580 2625 anno

383 2680 586 2750 centesimae
619 2683 761 2764 quartae
795 2678 1004 2764 Olympiadis
1037 2684 1075 2748 et
1107 2679 1371 2749 dominationem
1399 2679 1581 2748 Heracleae

383 2802 571 2870 obtinuisse
590 2803 632 2871 ad
650 2820 779 2871 annum
799 2801 1075 2870 trecentesimum
1093 2802 1409 2886 quinquagesimum
1419 2801 1580 2886 primum,

383 2941 449 3007 quo
471 2942 560 2993 anno
582 2928 723 2993 necatus
746 2923 791 2992 sit
813 2942 835 2992 a
857 2923 992 2992 Chione.
1555 2905 1556 2909 ¹

428 3045 543 3113 Possis
577 3046 684 3114 dicere
718 3045 879 3114 chionem
914 3044 1033 3113 iecisse
1065 3048 1107 3113 nt
1136 3045 1317 3112 Hectorem
1340 3043 1494 3128 legimus,
1519 3044 1578 3127 qui

383 3171 563 3250 postquam
595 3167 806 3235 lacrimosam
839 3170 875 3234 et
910 3166 1128 3234 miserantem
1157 3183 1300 3235 uxorem
1328 3169 1369 3233 nt
1392 3165 1578 3232 moriturus

383 3288 553 3371 reliquerit
582 3292 698 3357 tamen
721 3289 838 3357 salvus
860 3287 1013 3370 redierit;
1036 3287 1086 3355 sio
1108 3304 1187 3356 eum
1211 3270 1391 3371 postquam
1413 3286 1577 3370 magistro

382 3407 512 3476 Platoni
552 3409 768 3478 valedixisset
805 3426 914 3478 annos
949 3409 1017 3476 iere
1051 3409 1272 3490 quadraginta
1306 3408 1507 3476 incolumem
1540 3412 1577 3474 et

382 3530 525 3598 inertem
548 3532 675 3598 vixisse
699 3531 828 3615 patriae
850 3531 1045 3598 liberatione
1068 3535 1103 3597 et
1123 3531 1222 3598 caede
1245 3530 1383 3616 tyranni
1405 3529 1530 3596 dilatis.

428 3653 594 3720 Attamen
608 3654 696 3736 quod
710 3654 853 3720 fortasse
867 3670 1002 3720 summo
1013 3656 1131 3735 poetae
1149 3689 1181 3699 -
1199 3668 1279 3735 pnce
1291 3652 1363 3718 'l'ua
1374 3651 1518 3717 dixerim
1537 3688 1569 3699 —

382 3775 487 3861 licuit,
511 3775 679 3843 nonlicet
704 3777 776 3843 viro
799 3772 1029 3856 τυραννοκτόνῳ.
