3848 6006
363 1837 414 1920 lle
448 1855 597 1918 numero
631 1837 841 1935 oraorornn
875 1854 908 1916 a.
936 1831 1193 1916 4061116116
1222 1830 1552 1915 condemnatorum.

767 2224 793 2293 1.
815 2225 860 2293 Μ.
882 2225 914 2293 J.
938 2223 1158 2293 VALETON.

410 2667 705 2754 Quaestiumuum
726 2683 903 2751 quaerens,
927 2682 994 2749 qua
1017 2668 1166 2733 tractata
1187 2681 1341 2732 caverem
1365 2681 1409 2731 ne
1430 2662 1557 2730 deside

362 2807 456 2859 rerer
484 2790 576 2858 inter
606 2789 733 2857 amieos
763 2787 984 2869 gratulantes,
1015 2789 1051 2853 61
1081 2786 1292 2853 ostenderem
1318 2785 1402 2851 milri
1424 2799 1555 2867 quoque

363 2912 454 2982 oordi
481 2912 588 2980 misse
615 2915 659 2979 ut
687 2910 785 2978 hodie
814 2909 897 2991 dior,
921 2908 1053 2989 collega
1076 2908 1279 2993 clarissime,
1303 2907 1427 2974 amoris
1450 2909 1486 2973 et
1509 2923 1558 2972 re·

363 3035 537 3103 versutiae
558 3051 638 3102 oum
660 3033 791 3101 sinoem
809 3030 1034 3112 gratulatione
1052 3030 1293 3097 documentum
1313 3030 1437 3111 darem,
1458 3026 1558 3093 incidi

363 3156 402 3223 in
419 3154 651 3239 quaestionem
670 3168 756 3237 quae
775 3156 830 3220 est
848 3151 889 3219 de
908 3168 1049 3218 numero
1068 3154 1261 3233 praetorum
1281 3168 1312 3217 a.
1324 3151 1391 3216 406
1410 3148 1558 3215 Athenis
1679 3166 1682 3172 ·

363 3296 388 3346 a
415 3277 536 3362 populo
565 3274 878 3358 condemnaturum,
908 3273 949 3339 de
979 3290 1046 3356 que
1076 3272 1200 3355 aliquid
1224 3273 1332 3338 dioere
1355 3288 1451 3354 posse
1474 3269 1558 3335 milri

364 3398 501 3466 videbar
522 3397 610 3482 quod
632 3398 760 3465 dixisse
782 3412 902 3479 operae
925 3412 993 3462 nou
1012 3398 1105 3462 esset
1123 3394 1269 3478 pretium
1289 3393 1430 3475 nullum,
1451 3406 1559 3472 neque

363 3526 482 3589 tamen
511 3538 576 3588 uon
608 3524 723 3604 posset
746 3522 913 3603 quantum
935 3519 1020 3585 satis
1043 3520 1136 3584 esset
1158 3515 1286 3584 absolvi
1309 3533 1414 3598 parvo
1438 3515 1557 3599 spatio,

364 3642 454 3727 quod
483 3642 520 3709 in
545 3642 608 3710 hoo
629 3642 713 3709 libro
735 3639 954 3723 gratulatorio
977 3640 1067 3706 inter
1088 3642 1142 3705 tot
1164 3638 1421 3714 commilitones,
1444 3637 1485 3704 od
1510 3654 1561 3704 se·

365 3769 480 3833 turam
509 3762 641 3831 lanoem
663 3761 834 3848 symbolas
858 3778 957 3828 suam
980 3777 1147 3843 quemque
1169 3760 1357 3842 afferentes,
1383 3776 1404 3825 a
1428 3776 1482 3825 me
1505 3775 1560 3824 ex·

364 3885 438 3953 oedi
467 3902 535 3952 uon
565 3883 685 3952 debere
715 3885 913 3952 arbitrabar.
938 3883 1022 3966 Quid
1045 3883 1093 3949 sit
1115 3883 1203 3966 quod
1227 3883 1263 3948 iu
1285 3881 1341 3949 illa
1363 3882 1560 3964 quaestione

363 4005 456 4074 haud
487 4006 584 4089 perri
614 4006 778 4073 momenti
807 4021 884 4072 esse
913 4004 997 4071 mihi
1026 4005 1191 4088 videatur,
1224 4003 1344 4071 statim
1376 4003 1561 4085 proferam3

365 4131 422 4196 est
442 4127 523 4195 hoo:
545 4126 778 4211 difficultates,
798 4144 883 4210 quos
902 4127 999 4194 offert
1018 4126 1190 4208 ratioque
1211 4125 1312 4191 libros
1332 4125 1416 4192 duos
1435 4124 1562 4207 primos

366 4248 616 4316 Hellenioorum
645 4264 667 4314 a
696 4246 922 4330 Xenophonte
952 4247 1160 4329 uousoriptos
1183 4263 1258 4311 esse
1280 4246 1446 4321 videmus,
1470 4245 1561 4311 nullo

368 4370 466 4439 modo
489 4368 574 4438 solvi
595 4386 695 4453 posse
717 4368 915 4452 iampridem
935 4369 1018 4435 mihi
1038 4385 1237 4451 persuasum
1258 4368 1381 4445 fuitei,
1401 4369 1442 4433 ut
1462 4366 1562 4446 vulgo

367 4490 498 4561 1661661
518 4491 585 4559 viri
602 4490 703 4568 docti,
724 4508 782 4558 eos
800 4489 903 4558 libros
921 4494 1002 4558 ante
1022 4491 1145 4556 librum
1165 4490 1305 4555 tertium
1325 4489 1468 4569 scriptos
1487 4503 1562 4554 esse

368 4616 579 4698 teneremus3
609 4611 765 4679 1661111666
795 4628 874 4679 roro
904 4628 963 4678 eas
994 4610 1088 4694 solvi,
1121 4609 1151 4676 si
1181 4626 1238 4676 eos
1268 4609 1352 4676 duos
1382 4610 1483 4676 libros
1513 4610 1562 4675 in-

367 4739 484 4820 ceptos
500 4738 536 4802 61
558 4732 703 4817 scriptos
724 4749 800 4801 esse
821 4734 1033 4802 crederemus
1053 4734 1130 4814 post
1150 4732 1291 4798 tertium
1311 4732 1506 4798 inchoatum
1527 4734 1563 4796 et

367 4855 513 4925 fortasse
529 4856 601 4924 iem
618 4854 823 4941 absolutum,
845 4859 1020 4938 tamquam
1039 4851 1311 4936 supplementum
1328 4854 1481 4934 παρέργου
1493 4852 1563 4919 1666
