4144 6154
857 951 921 1017 401

293 1151 370 1201 rum
392 1152 424 1202 a
448 1135 515 1203 406
538 1135 848 1214 condemnatorum,
872 1132 1020 1214 primum
1040 1149 1062 1198 a
1085 1148 1164 1198 vero
1187 1131 1395 1199 aberravisse
1417 1130 1486 1199 Pla·

293 1260 410 1324 tonem
439 1256 476 1322 in
507 1255 680 1339 Apologia,
702 1255 761 1323 sed
784 1272 864 1322 eum
886 1255 959 1321 sine
983 1251 1050 1321 ulla
1071 1253 1300 1334 neglegentiae
1322 1253 1376 1321 vel
1399 1254 1486 1334 igno

292 1377 423 1444 tantiae
452 1377 559 1460 culpa,
590 1395 670 1444 cum
700 1393 744 1444 ne
774 1377 847 1458 ipse
878 1375 1013 1458 quidem
1043 1375 1146 1442 verba
1176 1392 1239 1441 sua
1270 1375 1312 1441 ad
1336 1374 1486 1441 litteram

292 1497 398 1582 accipi
415 1498 589 1566 voluisset.
608 1497 735 1565 Deinde
758 1497 1022 1579 Xenophontem
1041 1497 1131 1563 inter
1148 1514 1257 1564 annos
1276 1495 1344 1563 870
1363 1499 1399 1563 et
1418 1496 1485 1561 360

292 1619 561 1688 commentarios
595 1621 807 1698 scribentem,
842 1637 864 1686 a
895 1619 1034 1686 Platone
1064 1618 1101 1685 in
1132 1635 1276 1685 errorem
1300 1617 1484 1699 inductum,

292 1739 418 1808 Qum
436 1759 616 1810 numerum
637 1742 809 1810 rettulisse
828 1759 929 1824 qoem
948 1741 1141 1822 corrigendo
1152 1758 1174 1807 a
1185 1739 1334 1807 Platonis
1346 1756 1486 1806 numero

292 1861 497 1942 derivasset3
527 1880 608 1931 eum
637 1881 769 1948 quoque
798 1864 1058 1946 imprudentem,
1089 1880 1167 1930 cum
1201 1861 1379 1928 historiam
1412 1861 1485 1928 eius

293 1985 467 2068 temporis,
497 2003 564 2068 quo
593 1985 635 2053 de
664 1985 874 2070 praetoribus
902 1984 983 2052 olim
1014 1983 1162 2051 Athenis
1191 1984 1377 2050 iudicatum
1400 1986 1484 2066 erat,

292 2107 445 2174 nondum
474 2110 632 2174 accurate
661 2107 870 2190 exploratam
901 2107 1049 2175 haberet.
1082 2106 1235 2173 Eundem
1264 2122 1345 2172 vero
1375 2102 1485 2187 paullo

292 2231 410 2309 postea
430 2229 473 2296 ad
496 2246 572 2296 eam
595 2229 770 2297 historiam
792 2229 968 2310 diligenter
990 2229 1213 2310 indagandam
1236 2245 1274 2296 ee
1291 2228 1482 2312 contulisse,

292 2351 328 2416 et
358 2365 398 2417 co
428 2353 580 2432 tempore
610 2351 746 2433 quidem
775 2367 841 2433 quo
872 2350 1121 2419 Hellenicorum
1150 2367 1289 2418 suorum
1311 2349 1418 2427 initio,
1442 2350 1484 2415 ab

292 2469 379 2538 Hell.
399 2471 457 2538 111.
480 2474 496 2537 1
521 2471 765 2556 incipientium,
789 2489 931 2555 quorum
950 2473 1020 2540 iam
1038 2473 1185 2556 aliquam
1203 2476 1337 2555 partem
1356 2471 1484 2538 absolu·

292 2596 365 2658 tam
383 2593 542 2660 manibus
560 2595 704 2670 teneret,
723 2593 854 2660 duobus
865 2593 957 2659 libris
969 2593 1094 2661 additis
1105 2593 1228 2676 quibus
1239 2594 1280 2660 ad
1293 2592 1485 2675 exemplum

291 2714 496 2797 Thucydidis
528 2713 771 2802 „annalistae”
802 2715 932 2782 ratione
963 2717 1173 2782 tractaturus
1204 2717 1296 2782 osset
1319 2731 1373 2782 ree
1395 2713 1484 2780 inter

291 2851 399 2902 annos
430 2836 494 2902 411
527 2839 712 2903 exeuntem
741 2838 778 2902 et
799 2836 866 2903 399
889 2839 1014 2916 gestas,
1035 2836 1138 2903 finem
1157 2835 1375 2903 historiarum
1397 2833 1484 2902 Thu·

291 2955 506 3040 cydidearum
535 2957 714 3024 adnectere
744 2959 780 3024 et
810 2956 989 3038 adiungere
1019 2957 1234 3025 decrevisset.
1264 2957 1319 3024 Ita
1348 2957 1421 3024 fleri
1443 2961 1484 3024 ot

291 3079 480 3161 Xenophon
511 3079 585 3163 (aut
608 3081 689 3145 ante
711 3081 773 3146 aut
795 3081 874 3162 post
896 3096 1025 3146 annum
1048 3079 1129 3166 360)
1152 3079 1188 3145 in
1210 3079 1319 3162 primo
1342 3077 1486 3146 Helleni·

290 3217 406 3268 corum
435 3200 518 3268 libro
549 3217 730 3268 numerum
758 3201 888 3268 iustum
918 3200 1102 3285 tradiderit,
1128 3201 1186 3268 sed
1209 3205 1325 3269 tamen
1349 3204 1390 3267 ut
1411 3201 1485 3267 eius

289 3321 476 3389 auotoritas
505 3324 580 3389 tum
610 3321 717 3389 etiam
746 3321 904 3389 defecerit
933 3323 969 3388 in
1000 3322 1127 3389 edendo
1158 3323 1295 3390 nomine
1318 3323 1420 3389 unius
1442 3322 1484 3388 de

289 3441 414 3528 decem,
446 3442 535 3525 quod
564 3441 685 3527 Lysiae
714 3442 810 3509 nobis
842 3444 1004 3510 servavit.
1031 3441 1182 3526 Denique
1206 3443 1423 3510 Aristotelem
1447 3445 1483 3511 in

289 3563 373 3632 libro
394 3564 437 3631 de
458 3563 543 3630 Ath.
567 3565 649 3646 Rep.
672 3563 722 3630 ita
744 3563 834 3630 inter
856 3581 894 3631 se
916 3564 1151 3647 permiscuisse
1173 3564 1393 3632 auctoritates
1417 3566 1483 3632 Xe

290 3684 472 3768 nophontis
501 3689 538 3753 et
567 3684 727 3763 Platonis,
758 3687 799 3752 ut
828 3684 1058 3753 Athenienses
1089 3689 1204 3768 posset
1231 3686 1315 3752 falso
1345 3687 1484 3754 crimine

290 3805 497 3884 insimulare,
526 3807 625 3891 quasi
654 3806 937 3874 condemnassent
966 3809 1137 3890 praetores
1166 3807 1329 3889 quosdam
1359 3809 1401 3874 ob
1430 3825 1485 3876 res

290 3931 368 4011 post
386 3927 547 4011 proelium
558 3928 647 3996 male
657 3933 782 4013 gestae,
794 3929 852 4012 qui
863 3929 985 4012 proelio
997 3947 1040 3997 ne
1051 3928 1287 3996 interfuissent
1299 3930 1434 4011 quidem
1449 3929 1483 4011 ¹).

291 4050 488 4062 -—=-

324 4094 349 4157 1)
372 4095 445 4160 Quod
466 4094 496 4145 dc
512 4093 645 4144 Aristotele
660 4111 676 4143 s
692 4093 796 4145 Platone
813 4093 838 4144 in
855 4110 960 4144 errorem
979 4094 1085 4146 adducto
1102 4093 1230 4154 affirmari,
1247 4094 1327 4160 specie
1345 4100 1441 4145 tantum
1459 4101 1486 4147 st

290 4177 379 4236 ssrhis,
403 4193 453 4228 non
477 4192 512 4236 rs,
537 4177 660 4227 diuersum
682 4182 719 4227 sot
741 4177 773 4227 sb
794 4193 823 4226 so
840 4177 904 4242 qnod
921 4177 1086 4228 Wilsmowits
1103 4176 1201 4242 scripsit
1217 4177 1300 4239 (Arist
1319 4194 1343 4228 a.
1361 4178 1481 4229 Atheni

289 4261 427 4328 psss.128):
445 4259 507 4320 „sni
517 4258 601 4324 jsdsm
617 4259 663 4309 lsll
679 4259 771 4310 konnte
789 4275 815 4310 sr
832 4275 859 4309 so
876 4260 950 4310 reden
967 4260 1085 4326 lediglich
1102 4260 1146 4310 sul
1161 4259 1239 4325 grand
1256 4259 1323 4310 sinor
1339 4261 1483 4311 ussichsrsn

289 4343 417 4403 tradition,
439 4341 479 4392 dis
500 4348 573 4392 untes
594 4342 641 4392 don
656 4341 815 4392 Sokrstiksrn
833 4357 881 4392 ron
899 4342 943 4392 der
959 4342 1084 4408 grosslhst
1099 4343 1165 4393 ihrss
1181 4342 1291 4392 meistcrs
1305 4341 1418 4408 lshsnslig
1432 4343 1484 4394 sein

290 4431 391 4487 munte,
411 4425 463 4475 nnd
479 4441 505 4475 ss
521 4424 555 4476 ist
571 4423 710 4484 irrslsvsnt,
727 4424 759 4474 ob
776 4423 901 4474 visllsicht
918 4425 982 4476 such
999 4426 1089 4476 sndsrs
1106 4441 1133 4476 so
1151 4424 1226 4490 gsirrt
1242 4425 1354 4476 hsttsn’'.
1372 4425 1483 4476 herisio

289 4525 353 4576 quse
378 4507 474 4574 dscspit
498 4506 664 4567 Aristotelem,
688 4522 761 4573 qnam
786 4507 884 4557 nonnisi
907 4508 998 4575 scripto
1016 4507 1048 4559 sd
1065 4524 1122 4558 sum
1137 4507 1263 4574 pervenire
1280 4508 1388 4574 potuisse
1405 4515 1483 4575 patet,

289 4597 390 4643 nunus
405 4590 471 4657 apud
487 4589 622 4641 Socraticos
639 4589 704 4640 risos
719 4588 825 4655 viguisse
843 4589 891 4640 disi
908 4597 997 4656 potest,
1014 4591 1078 4657 qnod
1093 4589 1174 4650 Pisto,
1188 4609 1203 4641 s
1217 4607 1266 4656 quo
1280 4607 1335 4641 sam
1348 4593 1484 4657 proiectam

289 4691 342 4726 ssss
367 4672 427 4735 dixi,
443 4679 468 4724 st
485 4680 571 4724 auctor
588 4671 699 4734 Aniochi,
716 4673 815 4724 luerunt
831 4673 878 4723 viri
895 4673 1025 4735 &onum
1044 4675 1087 4740 qui
1103 4681 1229 4740 praetores
1245 4675 1310 4725 idem
1327 4674 1393 4740 qood
1410 4674 1483 4726 Pisto

288 4755 452 4816 indiderunt,
466 4771 481 4806 s
495 4771 534 4806 ms
548 4753 619 4806 sitsti
632 4761 689 4806 sunt
702 4771 758 4822 pag.
773 4756 823 4805 894
837 4755 892 4807 sdn.
908 4756 932 4807 Β.
947 4784 981 4795 -
994 4755 1049 4806 Ηοο
1062 4757 1142 4809 solum
1156 4759 1258 4810 iortssss
1272 4757 1403 4823 discrepat,
1418 4757 1483 4824 qnod

288 4854 343 4890 sam
359 4837 527 4898 traditionem,
544 4852 618 4903 qnam
636 4837 757 4904 quomodo
774 4845 854 4890 ortam
872 4854 924 4890 ssss
941 4838 1092 4891 existimaret
1108 4857 1157 4892 non
1170 4840 1280 4908 prodidit
1292 4839 1340 4902 W„
1355 4840 1483 4892 sPlstons

288 4921 388 4974 solome
403 4920 536 4973 sxcintsm
553 4936 605 4972 ssss
622 4921 689 4987 apud
705 4937 744 4972 ms
761 4928 865 4974 constat.

1348 5021 1382 5076 al
