3848 6006
923 799 987 873 172

358 989 556 1074 Delphicum
577 993 638 1058 aut
661 989 755 1058 brevi
777 992 859 1058 aute
882 992 943 1058 aut
966 990 1060 1058 brevi
1082 991 1159 1073 post
1178 987 1302 1056 saeculi
1323 987 1355 1054 V
1373 986 1558 1054 dimidium

359 1115 574 1181 exstructum
602 1127 678 1178 esse
707 1128 766 1195 pro
797 1114 889 1178 certo
918 1114 1070 1178 statuere
1095 1126 1288 1194 possumus.
1311 1107 1404 1191 Quod
1426 1110 1558 1176 mirum

359 1233 395 1300 in
418 1232 556 1300 modum
578 1233 713 1299 aliunde
731 1232 931 1300 affirmatur.
959 1232 1096 1299 Etenim
1114 1230 1266 1299 Homolle
1289 1228 1387 1312 longe
1408 1229 1557 1298 diversis

359 1353 491 1421 indiciis
526 1354 685 1421 inductus
718 1355 807 1421 idem
842 1357 977 1437 tempus
1007 1353 1183 1437 proposuit
1213 1352 1312 1434 (Bull.
1344 1350 1435 1418 corr.
1465 1349 1557 1417 Hell.

363 1476 449 1543 1899
472 1493 505 1559 p.
526 1475 614 1559 611).
635 1475 759 1543 Exstat
773 1475 914 1559 Delphis
933 1492 1053 1543 murus
1071 1476 1111 1543 ad
1132 1474 1369 1542 sustinendam
1380 1474 1557 1555 ingentem

359 1597 462 1665 stadii
496 1595 621 1664 molem
653 1597 831 1680 aliquando
865 1598 1073 1681 instructus3
1104 1597 1162 1681 qui
1194 1613 1314 1664 murus
1344 1596 1454 1664 stadio
1484 1612 1555 1664 non

359 1737 435 1788 esse
462 1720 575 1803 junior
606 1720 749 1803 videtur,
779 1719 966 1787 certissime
1000 1736 1067 1787 non
1101 1719 1281 1802 antiquior.
1316 1718 1394 1786 Jam
1424 1718 1460 1785 in
1491 1717 1557 1784 hoc

360 1859 458 1910 muro
500 1842 606 1909 incisa
642 1846 697 1908 est
735 1841 928 1927 inscriptio,
967 1858 1054 1925 quae
1093 1841 1136 1907 ad
1175 1839 1360 1907 certamina
1394 1839 1557 1924 gymnica

360 1967 493 2048 spectat
523 1963 626 2047 (legas
652 1981 729 2031 eam
751 1964 838 2047 apud
863 1962 1037 2043 Homolio).
1060 1963 1239 2047 Inscriptio
1261 1962 1344 2030 haec
1365 1961 1556 2029 certissime

360 2085 467 2153 incisa
497 2088 553 2152 est
581 2089 762 2169 postquam
791 2103 910 2152 murus
937 2088 993 2153 est
1014 2085 1219 2153 aedificatus.
1242 2084 1346 2166 Lapis
1368 2085 1472 2160 enirn,
1496 2084 1556 2167 qui

360 2224 436 2275 eam
467 2206 569 2274 habet
598 2207 750 2292 incisam,
781 2207 890 2274 forma
919 2225 982 2274 sua
1005 2207 1123 2289 prohat
1145 2223 1182 2274 se
1204 2205 1302 2289 plane
1325 2205 1496 2287 integrum
1519 2205 1554 2271 in

361 2347 497 2397 murum
527 2329 659 2397 illatum
682 2346 768 2406 esse,
791 2347 858 2396 nou
882 2330 918 2396 in
940 2329 1045 2396 alium
1067 2328 1235 2412 quendam
1258 2344 1360 2395 usum
1382 2327 1471 2394 uude
1494 2326 1558 2394 has

360 2451 494 2520 litteras
513 2452 740 2519 contraxisset
756 2452 947 2519 adhibitum
967 2451 1072 2519 misse
1091 2455 1275 2534 antequam
1291 2468 1411 2518 murus
1424 2454 1557 2517 exstru-

361 2577 484 2642 eretur.
507 2574 585 2642 lam
608 2573 712 2657 igitur
734 2575 815 2641 haec
838 2573 1021 2659 inscriptio,
1045 2576 1086 2640 ut
1107 2573 1215 2640 forma
1236 2572 1428 2641 litterarum
1448 2573 1556 2655 docet,

361 2696 435 2764 sine
456 2696 556 2764 dubio
574 2696 721 2779 pertinet
739 2696 782 2762 ad
801 2695 924 2763 saeculi
942 2695 1054 2779 quinti
1070 2699 1202 2779 partem
1214 2693 1388 2761 dimidiam
1399 2694 1557 2777 priorem.

362 2818 521 2901 Quocirca
543 2818 624 2901 quin
647 2821 731 2885 tuuc
753 2819 822 2885 iere
844 2818 949 2884 etiam
973 2835 1092 2884 murus
1113 2819 1150 2884 et
1172 2816 1286 2899 ipsum
1307 2816 1458 2883 stadium
1481 2832 1557 2883 con·

361 2938 423 3006 diti
446 2939 527 3022 sint,
551 2939 697 3006 dubitari
720 2956 787 3006 non
811 2942 934 3023 potest.

407 3058 610 3144 Saepissime
651 3060 926 3128 animadversum
959 3063 1014 3128 est
1048 3059 1296 3127 illustrissimos
1330 3059 1404 3126 illos
1437 3062 1559 3142 poetas

360 3183 517 3264 antiquos
553 3180 692 3248 minime
721 3182 914 3249 discrimina
944 3185 1136 3265 tempomm
1165 3197 1303 3249 curasse
1332 3183 1368 3248 et
1398 3185 1558 3250 vetustae

361 3303 486 3371 aetatis
505 3320 638 3370 morum
661 3308 696 3370 et
719 3304 958 3370 institutorum
977 3302 1219 3387 quodammodo
1239 3302 1422 3384 imaginem
1434 3303 1559 3373 referre

361 3441 405 3492 ne
435 3426 469 3492 in
504 3428 654 3492 mentem
682 3424 819 3508 quidem
849 3424 1033 3492 induxisse.
1067 3425 1138 3491 Hoc
1168 3441 1251 3492 sane
1283 3425 1398 3506 potius
1421 3428 1560 3492 nostrae

361 3548 486 3616 aetatis
516 3551 569 3615 est
600 3564 703 3631 quam
734 3546 876 3614 illorum.
907 3547 971 3614 Sed
992 3547 1064 3630 jam
1086 3548 1191 3615 habes
1213 3548 1248 3614 iu
1272 3545 1432 3631 Sophocle
1454 3546 1559 3631 hujus

361 3686 441 3752 erga
464 3687 578 3738 rerum
596 3671 857 3754 praeteritamm
877 3673 1009 3738 statum
1029 3671 1176 3738 incuriae
1195 3671 1366 3752 egregium
1383 3670 1560 3737 documen·

361 3795 447 3876 tum,
479 3791 537 3875 qui
568 3793 721 3859 Orestem
750 3809 818 3859 non
843 3795 981 3859 tantum
1003 3795 1132 3859 certare
1154 3793 1235 3859 fecit
1258 3794 1293 3858 in
1316 3792 1559 3860 certaminibus

361 3913 573 3998 Pythiorum‚
601 3930 687 3996 quae
718 3913 849 3981 saeculo
880 3914 1016 3980 demum
1045 3916 1144 3980 sexto
1175 3913 1338 3980 instituta
1366 3917 1477 3989 erant,
1500 3913 1560 3981 sed

362 4035 414 4102 vel
443 4036 486 4103 ad
517 4035 646 4102 Orestis
677 4038 828 4103 aetatem
857 4035 975 4102 retulit
1004 4051 1090 4118 quae
1119 4052 1182 4102 sua
1204 4035 1311 4118 ipsius
1333 4039 1447 4103 aetate
1470 4053 1561 4104 nova

360 4158 521 4225 instituta
548 4173 623 4224 esse
645 4157 747 4240 probe
770 4159 878 4224 norat.
904 4157 1081 4224 Praeterea
1105 4157 1295 4223 venerande
1317 4156 1560 4240 philologorum

365 4281 574 4349 Batavorum
598 4278 730 4359 Nestor,
749 4280 857 4347 -cui
879 4297 975 4363 spero
999 4279 1069 4346 iore
1091 4283 1132 4346 ut
1154 4279 1237 4346 haec
1260 4295 1336 4346 mea
1358 4279 1560 4362 qualiscum-

362 4418 428 4485 que
451 4403 507 4483 sit,
531 4402 716 4484 disputatio
741 4419 807 4468 non
829 4401 928 4483 plane
950 4401 1172 4483 displiceat-
1189 4401 1249 4468 hoc
1268 4405 1304 4468 te
1325 4402 1504 4469 observare
1524 4403 1560 4467 in

361 4523 403 4590 iis
432 4541 518 4608 quae
549 4525 591 4591 de
616 4522 776 4607 Sophocle
798 4522 972 4607 disputavi
994 4523 1109 4607 velim,
1132 4540 1234 4606 quam
1259 4526 1350 4590 recte
1372 4525 1411 4589 tu
1435 4521 1559 4606 aliique

361 4645 469 4713 critici
502 4645 628 4712 divinis
663 4644 727 4712 illis
762 4661 884 4712 aureae
918 4645 1044 4712 aetatis
1080 4645 1217 4712 Graecis
1252 4644 1472 4728 scriptoribus
1507 4647 1559 4713 vel

361 4756 554 4834 levissimas
575 4765 724 4834 maculas
743 4768 935 4847 abstergere
953 4767 1132 4834 studeatis.
1153 4766 1326 4833 Immerito
1341 4767 1445 4848 igitur
1465 4768 1561 4834 vobis
