3848 6006
313 1734 364 1816 ite
393 1732 535 1818 duetus
564 1737 857 1839 opiprannatnn
888 1741 1120 1841 ornatorum
1152 1740 1313 1841 peritos.

691 2097 735 2163 tt.
770 2096 929 2165 BOAS.

942 2505 1055 2567 „inm
1072 2503 1144 2564 κῦδος
1160 2503 1374 2570 ὀγδωκοντιίτιι”

966 2588 1112 2652 (Simonides
1128 2604 1167 2655 ep.
1187 2587 1243 2649 lt'i,
1264 2591 1277 2638 Β
1295 2592 1341 2655 sq.)

259 2715 374 2784 Poetis
408 2716 534 2784 aetatis
565 2718 815 2786 Alexandrinae
845 2718 1132 2802 epigrammatiois
1153 2717 1257 2785 titisse
1280 2735 1407 2786 morem

213 2837 345 2906 duobus
367 2839 523 2924 deinceps
542 2840 795 2923 epigrammatis
814 2838 903 2908 idem
918 2838 972 2908 vel
983 2838 1156 2908 eonsimiie
1166 2843 1407 2922 argumentum

212 2959 404 3028 illustrandi
434 2979 513 3029 eum
542 2960 713 3045 complura
742 2961 978 3030 demonstrant
1007 2961 1291 3045 epigrammatum
1314 2963 1408 3045 paria

214 3081 250 3148 in
278 3083 423 3166 utraque
452 3082 656 3164 Anthologia
683 3093 821 3151 servate
849 3086 926 3150 tum
954 3083 1037 3151 adeo
1062 3082 1236 3166 inscriptio
1258 3083 1409 3152 ostendit

213 3203 249 3270 in
261 3203 425 3288 Bithynia
436 3221 543 3287 nuper
553 3207 687 3286 reperta
699 3202 734 3290 ¹),
746 3222 832 3288 quae
844 3204 975 3272 duobus
986 3203 1143 3287 deinceps
1154 3204 1408 3287 epigrammatis

213 3324 366 3392 eiusdem
384 3323 618 3409 adulescentia,
638 3325 675 3392 in
694 3343 809 3408 pugna
827 3327 862 3392 in
882 3325 1061 3408 coropedio
1079 3331 1122 3406 (a.
1136 3326 1215 3408 281)
1227 3326 1408 3394 commissa

213 3446 324 3532 oeeisi,
346 3447 545 3515 memoriam
563 3447 718 3515 celebrat.
738 3447 787 3516 De
805 3447 969 3516 eiusmodi
987 3448 1241 3530 epigrammatis
1257 3446 1407 3528 gemeliis

214 3568 265 3635 ita
287 3568 493 3652 eompositis,
517 3572 558 3637 ut
580 3569 727 3637 alterum
748 3587 809 3654 par
831 3570 929 3638 alteri
949 3570 1150 3653 respondere
1164 3568 1329 3652 videatur,
1341 3568 1407 3636 dis-

214 3705 325 3757 serere
347 3690 431 3757 mihi
453 3694 509 3758 eat
531 3691 567 3757 in
590 3691 714 3759 animo.

259 3810 358 3878 Unus
368 3811 537 3879 Planudes
547 3813 582 3878 in
595 3811 799 3894 anthologia
810 3829 874 3879 aua
885 3811 1038 3881 servavit
1045 3811 1110 3879 duo
1118 3829 1192 3896 epp.
1201 3813 1408 3879 demonstra

214 3933 288 4000 tiva
306 3932 342 3999 in
361 3933 506 4002 athletas
525 3934 648 4019 (Anth.
660 3932 755 4001 Plan.
767 3932 817 4027 ¹III
828 3951 851 4000 a
863 3933 895 4019 2,
909 3932 953 4006 εἷς
965 3931 1154 4012 ἀγωνιστάς,
1170 3935 1186 3999 1
1201 3951 1263 4016 sq„
1276 3943 1409 4010 Σιμω·

214 4052 324 4120 sidon
343 4058 380 4122 et
398 4058 467 4120 roi
490 4055 785 4122 atroi=Antin
798 4054 867 4122 Pal.
880 4073 913 4138 q.
926 4073 959 4122 v.
971 4055 1003 4121 d.
1016 4055 1156 4138 append.
1168 4054 1261 4122 Plan.
1275 4056 1318 4122 23
1330 4054 1406 4140 sp),

214 4194 301 4259 quae
330 4176 407 4260 quia
428 4177 566 4246 omnino
589 4194 656 4245 non
679 4177 854 4246 cohaerere
872 4178 981 4259 primo
1001 4177 1124 4245 dixerit
1144 4179 1277 4261 obtutu,
1299 4193 1407 4259 neque

214 4299 500 4381 subsequentibus
519 4300 655 4383 quidem
675 4299 827 4366 numeris
840 4300 964 4366 muniri
977 4300 1086 4368 soient
1098 4301 1185 4386 (epp.
1199 4300 1326 4367 Simon.
1343 4300 1406 4365 164

213 4423 250 4486 et
273 4419 338 4485 lte
362 4418 494 4503 Bergk,
518 4421 554 4487 in
577 4419 803 4487 Bitian-Ome.
828 4421 936 4487 Anth.
959 4419 1039 4506 Lyn.
1067 4422 1130 4487 134
1154 4426 1190 4490 et
1203 4421 1305 4502 [151]‚
1317 4419 1407 4503 apud

215 4540 444 4608 Hauvettium
465 4541 507 4607 de
528 4541 647 4609 I’auth.
671 4542 729 4609 dea
752 4543 854 4625 epigr.
879 4541 920 4607 de
943 4542 1114 4610 Simonide
1137 4544 1181 4612 75
1204 4547 1241 4611 et
1263 4544 1337 4624 86):

249 4803 274 4866 l)
288 4801 328 4853 ct.
346 4801 386 4853 Bt.
403 4799 458 4850 Keil
475 4799 533 4849 Rev.
552 4797 582 4848 de
599 4797 665 4849 Phil.
682 4799 715 4848 26
731 4797 817 4863 (1902)
835 4814 860 4864 p.
878 4797 927 4851 ati
945 4814 997 4864 sqq.
