3848 6006
919 861 987 928 448

356 1045 539 1129 Postquam
562 1044 691 1130 syllaba
713 1045 773 1111 UL
796 1047 874 1126 post
895 1043 945 1109 Ul
968 1040 1060 1110 verbi
1083 1039 1203 1123 prioris
1220 1037 1355 1114 excidit,
1373 1035 1470 1103 tacite
1487 1037 1553 1102 tro

356 1168 484 1236 labitur
506 1168 541 1235 in
563 1184 670 1234 unum
694 1162 1002 1233 tratemundum

660 1409 716 1477 De
738 1407 997 1477 constantia
1020 1406 1255 1491 sapientis.

403 1643 425 1709 8
448 1641 467 1725 ς
490 1640 526 1707 3:
557 1641 590 1706 et
618 1640 809 1706 mmmm
839 1638 936 1716 mod,
966 1636 1059 1705 uera
1081 1636 1170 1720 quod
1192 1634 1279 1702 nihii
1301 1634 1419 1701 trudent
1441 1635 1553 1700 irutue

358 1763 443 1845 leues
465 1779 505 1828 oo
521 1760 712 1828 saevissimi
728 1759 859 1826 domini
876 1753 1010 1848 <osted>
1031 1759 1215 1841 minentur,
1236 1758 1273 1822 in
1293 1773 1356 1838 quo
1368 1755 1553 1838 imperium

357 1899 461 1950 suum
482 1881 625 1965 [oriona
646 1880 821 1962 summit,
844 1896 947 1962 oeque
965 1877 1161 1962 placidoque
1182 1877 1297 1943 animo
1319 1877 1505 1961 ueeipimue
1523 1877 1555 1940 et

357 2005 485 2070 semus
508 2005 646 2068 mortem
669 2001 799 2068 maium
821 2018 889 2066 non
911 2018 980 2068 esse
1002 2001 1068 2067 ret.

404 2125 555 2191 Verbum
576 2122 793 2189 monumentis·
814 2120 962 2189 alienum
980 2123 1035 2189 est
1052 2120 1095 2188 ab
1113 2121 1175 2187 hoo
1192 2121 1273 2188 loeo.
1292 2119 1443 2187 Fortuna
1462 2118 1553 2187 enim

358 2245 393 2313 in
424 2262 464 2312 eo
492 2246 579 2328 quod
603 2245 710 2312 iratae
732 2245 822 2326 leges
844 2260 885 2311 uo
906 2244 1098 2312 saevissimi
1119 2243 1245 2311 domini
1268 2243 1454 2319 minentur,
1477 2242 1553 2309 h.e.

359 2367 393 2434 in
417 2369 536 2448 morte,
561 2383 627 2432 non
645 2365 826 2447 imperium
844 2382 945 2433 sunm
957 2366 1128 2433 consumit
1139 2365 1293 2451 (imperio
1305 2380 1366 2432 suo
1377 2364 1554 2444 abutitur),

359 2487 417 2555 sed
441 2488 482 2554 sd
506 2503 715 2553 summum
738 2485 917 2570 imperium
939 2487 1132 2570 pervenisse
1155 2504 1192 2554 se
1214 2485 1373 2570 ostendit,
1396 2503 1474 2553 oum
1498 2486 1554 2552 ius

358 2609 451 2677 vites
485 2608 643 2691 necisque
680 2608 813 2674 hebeat.
856 2607 943 2689 Ergo
975 2606 1043 2675 levi
1077 2608 1266 2676 mutatione
1299 2624 1359 2692 pro
1388 2609 1555 2675 mosomii

359 2729 570 2797 scribendum
602 2731 657 2795 est
687 2732 903 2795 consummet.
934 2728 1027 2795 Idem
1057 2729 1181 2796 vitium
1211 2728 1297 2797 latet
1331 2730 1373 2796 18
1395 2733 1414 2808 g
1439 2728 1471 2805 5,
1496 2728 1553 2796 ubi

359 2869 418 2936 pro
440 2853 690 2917 monumentor
707 2849 955 2918 restituendum
974 2852 1030 2917 est
1047 2853 1336 2918 eonsummootur.
1357 2851 1461 2918 Recte
1480 2868 1554 2918 ver-

360 2974 441 3040 bnm
472 2971 802 3039 consummandi
832 2971 867 3039 in
895 2970 990 3039 eodd.
1021 2971 1185 3039 traditum
1206 2975 1278 3040 est:
1302 2972 1344 3040 de
1365 2972 1415 3040 ira
1438 2972 1486 3038 HI
1509 2972 1552 3039 31

360 3094 439 3178 §23
465 3110 516 3176 ep.
541 3094 584 3159 88
609 3097 627 3172 ἓ
653 3094 706 3160 28.

410 3216 450 3281 14
474 3215 492 3297 ς
516 3214 555 3279 3:
580 3216 642 3280 soit
665 3213 726 3299 (so.
750 3213 898 3301 sepiens)
921 3231 1028 3282 emere
1051 3215 1191 3283 venetio

406 3336 563 3403 Gertzius
585 3337 775 3419 proposuit:
798 3337 885 3403 decet
902 3354 1009 3403 emere
1027 3337 1168 3414 venetio,
1189 3336 1555 3416 Baehrensinsuutem

360 3474 461 3540 quem
484 3461 622 3524 monins
645 3461 700 3524 est
722 3458 875 3533 Hermes.
900 3458 1058 3526 coniecit:
1079 3460 1141 3524 soit
1159 3462 1225 3524 erni
1242 3475 1318 3524 aere
1334 3460 1477 3535 venolio,
1497 3458 1556 3525 sed

361 3578 444 3645 nihil
469 3579 669 3645 mutandum
693 3583 757 3646 est.
781 3579 933 3646 Verbum
955 3580 1083 3646 semodi
1105 3579 1292 3647 nonhabet
1315 3580 1375 3646 hoo
1394 3579 1464 3646 loeo
1484 3581 1556 3647 vim

362 3698 534 3779 vulgarem
566 3700 772 3784 (=aliouins
802 3701 849 3767 rei
880 3701 1027 3782 peritum
1053 3701 1152 3785 esse),
1183 3700 1241 3766 sed
1264 3700 1449 3782 significat:
1474 3720 1495 3767 a
1519 3719 1557 3768 so

362 3822 541 3902 impetrare
564 3838 671 3903 posse,
695 3820 849 3888 animum
872 3821 1037 3907 inducere,
1061 3838 1161 3905 quem
1181 3839 1282 3888 usum
1302 3823 1384 3890 haee
1402 3822 1558 3907 exempla

363 3940 551 4009 illustrent:

408 4066 501 4131 Pers.
525 4065 541 4130 I
564 4065 626 4132 54:
650 4065 739 4133 sois
761 4065 920 4132 comitem
943 4063 1151 4132 horridulum
1175 4067 1258 4133 trite
1281 4066 1406 4134 donare
1423 4064 1559 4134 lucerna

408 4191 442 4254 et
467 4187 542 4253 Iuv.
566 4187 630 4254 VII
651 4187 713 4253 43:
733 4187 820 4254 soit
839 4187 918 4253 dere
934 4185 1071 4254 libertos
1084 4187 1284 4254 extremain
1297 4190 1394 4269 perte
1406 4190 1559 4255 sedentis

730 4309 855 4376 ordinis
874 4312 908 4375 et
928 4325 1068 4390 mugnus
1087 4308 1249 4375 uomitum
1262 4308 1436 4388 disponere
1449 4322 1559 4376 voces.

412 4434 453 4498 18
478 4436 497 4511 ᾖ
521 4433 559 4498 3:
597 4431 757 4498 cinereae
787 4433 911 4514 eontra,
936 4431 1071 4496 tribuno
1094 4431 1250 4506 miiitum,
1273 4448 1383 4496 sermo
1406 4448 1474 4497 non
1493 4449 1560 4516 pro

363 4575 470 4623 moun
493 4558 577 4631 erat,
601 4554 786 4636 toooutduo
809 4571 888 4619 sono
910 4555 950 4636 ei,
975 4554 1013 4619 ni
1035 4553 1126 4638 focio
1150 4570 1273 4630 nosses,
1296 4554 1490 4636 stepeotior.

411 4680 509 4744 Miror
532 4678 678 4742 editores
702 4677 870 4757 sprevisse
894 4676 925 4740 id
944 4675 1031 4757 quod
1051 4676 1119 4740 ium
1139 4674 1273 4756 Lipsius
1293 4691 1334 4738 ex
1355 4675 1560 4741 deteriorum

363 4803 505 4868 lectione
528 4818 587 4882 pro
611 4803 639 4863 ot
664 4800 701 4865 ni
718 4799 808 4880 sueto
829 4816 941 4864 nosses
960 4797 1088 4863 effecit:
1108 4799 1136 4861 et
1157 4794 1305 4879 infructu
1318 4813 1399 4862 eom.
1413 4795 1562 4863 chaerea
