3848 6006
924 792 990 858 186

359 974 441 1040 dcte
463 972 546 1039 mihi
568 971 712 1038 videtur.
734 971 833 1039 Hand
851 970 937 1040 fuleo
953 973 1060 1055 igitur
1076 971 1285 1040 Fritrechius
1303 972 1442 1052 statuit,
1460 988 1556 1055 argn-

360 1098 516 1162 mentnm
538 1094 614 1160 libri
636 1094 728 1160 illins
746 1093 910 1176 deperditi
930 1111 953 1161 n
973 1093 1171 1161 Philostrati
1184 1092 1411 1176 descriptione
1427 1093 1465 1160 in
1484 1094 1557 1160 uni·

360 1231 499 1282 versum
527 1232 597 1281 non
625 1214 850 1291 nonomine,
878 1232 1085 1298 quamquem
1113 1216 1229 1282 omnin
1250 1218 1418 1281 nontam
1440 1231 1558 1299 euper-

360 1338 497 1404 stitiose
525 1342 563 1403 et
592 1337 627 1402 in
659 1337 770 1403 moine
790 1342 893 1404 uncte
915 1337 1020 1404 inim
1041 1339 1212 1419 videntur,
1234 1354 1336 1420 quam
1359 1339 1445 1404 sunt
1465 1335 1558 1420 apud

360 1458 616 1526 Phiioetmtnm.
646 1459 697 1525 At
725 1477 807 1526 vero
836 1459 897 1526 vix
925 1458 1083 1527 credibile
1108 1460 1245 1526 videtur
1272 1458 1474 1541 Luciunum,
1498 1457 1559 1541 qui

360 1585 436 1648 tum
473 1581 590 1648 uuerbe
630 1582 667 1647 in
701 1580 935 1648 mnndrum
967 1581 1233 1648 Pseudomuntin
1266 1584 1303 1647 et
1335 1579 1559 1662 Peregrinum

361 1704 533 1786 Proteum,
563 1720 648 1786 quoe
676 1704 713 1769 in
743 1704 1038 1785 praestigiatorum
1061 1721 1204 1771 numero
1226 1703 1374 1785 natent,
1397 1703 1559 1771 invectus

360 1830 426 1908 est,
457 1826 566 1892 tontis
589 1824 746 1891 trudibus
766 1824 932 1891 erudiisse
953 1826 1068 1892 virum
1090 1824 1292 1903 solitarium,
1314 1826 1372 1909 qui
1394 1825 1498 1893 heroe
1519 1842 1559 1893 ee

361 1950 484 2012 netum
503 1946 719 2029 praediceret,
738 1962 905 2029 opereque
922 1949 1106 2029 perageret,
1126 1947 1236 2028 ipsios
1252 1945 1345 2013 Iovis
1362 1945 1423 2012 ulii
1441 1942 1557 2019 ἄθλοις

361 2066 596 2149 compernndu.
628 2066 773 2150 denique
801 2066 860 2149 qui
890 2084 959 2133 non
982 2065 1135 2134 mortuiis
1156 2067 1312 2151 hominio,
1333 2066 1392 2133 eed
1415 2066 1560 2134 semidei

362 2188 537 2269 neruisque
558 2188 704 2270 speciem
728 2205 808 2270 nme
824 2204 862 2254 ee
880 2188 994 2255 ferret
1012 2188 1086 2255 lem
1104 2204 1221 2271 neuen
1241 2203 1327 2270 queo
1344 2187 1446 2254 initio
1463 2187 1560 2255 vitoe

365 2308 580 2377 Demonactis
609 2310 652 2375 de
680 2310 836 2376 Sostrate
865 2310 1036 2391 leguntm,
1057 2312 1141 2392 apte
1161 2309 1310 2377 suntad
1333 2310 1435 2377 noem
1457 2311 1561 2378 dene·

362 2430 507 2511 gundum
529 2429 643 2497 ethis
665 2430 807 2512 iueiset
829 2429 1562 2514 duceretismneentnneulectuiuime

364 2552 546 2618 verisimile
578 2556 633 2618 est
667 2552 702 2618 in
736 2552 909 2635 deperdito
941 2552 998 2618 illo
1029 2551 1072 2619 de
1105 2552 1262 2619 Soetmto
1290 2553 1375 2620 libro
1404 2553 1562 2620 einedem

364 2673 547 2757 scriptoris,
573 2673 631 2754 qui
652 2673 760 2740 vitum
783 2672 1001 2741 &monartio
1021 2674 1221 2757 composuit
1246 2674 1433 2741 verissime
1454 2674 1565 2755 igitur

364 2799 484 2863 contre
511 2795 738 2862 Fuitzechium
767 2796 975 2878 Bemuysiue
999 2796 1035 2862 in
1057 2793 1178 2862 celebri
1201 2795 1256 2863 iile
1275 2793 1386 2863 libello
1409 2794 1563 2882 ,Luciun

364 2917 434 2984 und
467 2917 522 2983 die
551 2915 728 3000 Kyniter”
752 2915 901 2983 Lucieno
923 2917 1015 2983 hunc
1035 2916 1079 2982 de
1100 2917 1175 2983 vitu
1197 2916 1414 2984 Demomctin
1434 2917 1564 2986 librum

364 3040 581 3108 abiudicavit

412 3161 580 3228 Audecior
609 3162 801 3229 coniectum
829 3164 887 3229 eet
908 3160 1044 3228 nnn.
1066 3161 1225 3228 Schmun
1250 3162 1382 3248 ,Uener
1404 3161 1566 3231 tumens

364 3282 573 3360 Demonex”‚
602 3285 662 3366 qui
690 3283 828 3363 tostin
859 3284 986 3365 opinor,
1014 3282 1249 3350 demonstrare
1277 3287 1421 3352 conetur
1448 3285 1566 3351 vitem

366 3403 582 3471 Demonoctis
598 3420 621 3470 n
639 3403 786 3470 Lucieno
805 3401 943 3485 quidem
961 3402 1125 3486 scriptam
1141 3420 1229 3485 esee,
1247 3403 1307 3470 eed
1325 3421 1347 3471 e
1365 3403 1567 3472 Christiano

365 3525 510 3609 quodum
534 3525 638 3592 ferme
660 3525 790 3592 A⁰300
807 3541 839 3606 p.
857 3524 918 3591 Oh.
937 3542 971 3590 n.
994 3526 1264 3592 contaminatum
1285 3528 1323 3592 et
1346 3525 1566 3609 mutilatum3

365 3646 511 3715 eundem
541 3647 715 3713 exordium
742 3644 785 3712 de
813 3645 968 3713 Soetreto
996 3646 1140 3714 finxieee
1169 3650 1207 3714 et
1232 3646 1417 3729 addidisem
1441 3645 1566 3714 Demo

365 3772 501 3836 nectem
533 3771 651 3835 autem
684 3784 858 3850 nunquam
888 3768 1065 3834 exstitisse
1094 3767 1154 3834 eed
1183 3766 1386 3849 naninno,
1409 3767 1468 3850 qui
1491 3768 1567 3836 ucri

364 3891 550 3958 certamine
567 3908 646 3958 cum
657 3889 794 3974 cynicis
804 3889 1033 3966 contenderet,
1045 3889 1295 3972 quibueomnie
1305 3889 1393 3956 vitiu
1403 3889 1566 3968 obiceret,

365 4016 408 4079 ut
440 4011 634 4094 exemplum
668 4011 739 4077 veri
772 4010 889 4095 cynici
919 4026 995 4077 eeee
1024 4010 1250 4093 propoeitnm3
1281 4009 1340 4093 qni
1365 4010 1459 4077 enim
1489 4010 1567 4078 fieri

366 4150 465 4218 poene
494 4136 537 4199 ut
566 4148 675 4214 neque
697 4132 771 4214 ipse
792 4130 962 4197 Lucienus
983 4131 1109 4197 iterum
1132 4146 1240 4213 neque
1261 4129 1420 4212 muetos
1441 4129 1566 4198 Demo-

366 4255 477 4323 nactie
508 4254 715 4321 mentionem
746 4252 895 4335 iecerint,
927 4268 1037 4334 neque
1065 4255 1147 4318 unte
1175 4252 1368 4334 Ennepium
1390 4251 1502 4319 denno
1526 4252 1567 4320 in

364 4376 490 4444 litteris
511 4375 690 4443 occurret?
1156 4368 1162 4381 '

411 4499 462 4566 Ut
483 4501 595 4565 cetere
617 4497 652 4563 in
674 4497 749 4563 eius
771 4494 1057 4562 commentatione
1079 4493 1259 4561 temerarie
1278 4495 1340 4560 aut
1359 4493 1446 4560 talea
1465 4497 1565 4571 sunt,

364 4622 424 4701 ita,
444 4636 523 4686 cnm
542 4621 644 4698 neget
663 4617 768 4683 inisse
787 4615 1037 4696 Demonactem,
1053 4614 1144 4680 haud
1155 4630 1238 4680 sene
1249 4614 1363 4697 inepte
1373 4616 1410 4680 et
1422 4616 1565 4696 temere,

366 4746 408 4809 ut
430 4742 589 4825 opinatur
611 4737 831 4815 Fritzechius,
854 4736 1018 4818 disputet.
