3848 6006
727 1777 966 1862 nesciunt
997 1780 1179 1863 mudule.

772 1929 885 1997 (seim.
905 1932 963 1996 opp.
982 1931 1146 1994 ceo-sm).

835 2251 879 2318 Κ.
904 2250 1083 2319 KUIPua.

409 2625 515 2710 Saepe
548 2643 627 2692 cum
660 2625 701 2693 ad
737 2643 800 2693 nos
833 2626 1048 2710 perferuntur
1082 2624 1254 2693 volumine
1283 2625 1405 2709 quihus
1435 2625 1557 2708 publici

362 2749 448 2817 iuris
478 2749 609 2817 faciunt
637 2749 738 2830 Angli
768 2748 926 2832 quidquid
956 2766 1160 2833 papyrorum
1191 2749 1226 2814 in
1258 2747 1327 2815 solo
1349 2747 1558 2834 Aegyptiam

364 2873 514 2955 ipsorum
543 2889 625 2939 cura
654 2876 825 2955 repertum
855 2876 919 2957 est,
952 2872 1068 2939 mirari
1097 2873 1244 2940 solemus
1274 2875 1411 2940 tantum
1433 2872 1558 2938 distare

366 3010 506 3060 numero
540 3009 703 3060 versuum
733 2994 815 3060 haec
844 2993 1032 3061 carminum
1063 2994 1305 3061 homericorum
1336 2992 1556 3076 exemplaria,

366 3131 451 3199 quae
481 3115 538 3181 diu
569 3114 703 3198 sepulta
732 3132 824 3182 nunc
854 3115 889 3183 in
918 3114 1028 3183 lucem
1058 3117 1209 3201 redeunt,
1229 3134 1250 3184 a
1272 3116 1366 3183 libris
1387 3114 1453 3182 illis
1474 3132 1557 3198 quos

366 3236 527 3304 dehemus
536 3235 728 3317 diligentiae
740 3237 1058 3304 Alexandrinorum.
1071 3237 1290 3304 Luculentius
1300 3253 1402 3319 quam
1414 3235 1559 3303 antehac

366 3363 515 3443 apparet,
535 3375 638 3442 quam
656 3358 793 3442 penitus
811 3358 994 3427 inhaeserit
1012 3360 1126 3426 animo
1145 3358 1334 3426 Aristarchi
1346 3358 1427 3425 haec
1437 3356 1558 3439 opinio,

366 3481 461 3548 iliadi
490 3484 594 3564 atque
622 3480 792 3565 Odysseae
823 3480 914 3548 nulla
937 3481 1045 3563 magis
1067 3498 1152 3564 opus
1175 3498 1250 3548 esse
1273 3480 1436 3547 medicina
1457 3495 1558 3561 quam

365 3620 408 3671 ea
429 3620 517 3687 quae
539 3603 635 3670 deret
656 3619 716 3686 per
735 3603 911 3684 sanguinis
935 3604 1186 3671 detractionem.

412 3725 555 3793 constat
573 3723 810 3791 Aristarchum
829 3725 866 3792 in
881 3725 1005 3793 studiis
1023 3725 1186 3793 hesiodeis
1197 3724 1314 3792 eodem
1327 3721 1446 3789 iudicio
1458 3738 1559 3788 usum

365 3865 452 3915 eme.
471 3846 713 3930 Antiquissimi
731 3847 893 3931 cuiusque
911 3851 1029 3931 poetae
1047 3846 1198 3914 carmina
1215 3846 1291 3929 plus
1306 3843 1421 3911 damni
1433 3843 1561 3925 cepisse

366 3970 525 4036 censebat
557 3986 601 4035 ex
634 3968 875 4037 additamentis
910 3987 1013 4052 quam
1043 3986 1087 4036 ex
1118 3966 1396 4048 intertrimentis3
1429 3963 1561 4032 obelum

367 4093 484 4174 itaque
517 4089 633 4158 sedulo
665 4090 854 4167 adhibebat,
885 4090 968 4174 quin
991 4089 1095 4156 etiam
1113 4125 1145 4136 -
1164 4087 1329 4155 editiones
1352 4085 1561 4166 uolucrique

367 4211 506 4280 Hesiodi
538 4228 644 4295 aeque
673 4228 837 4295 respuens
865 4229 905 4278 ec
936 4209 1075 4278 Homeri
1109 4245 1140 4257 -
1174 4210 1278 4277 tacite
1308 4225 1562 4289 nonnumquam

367 4350 490 4400 versus
510 4333 673 4416 quosdam
697 4332 901 4415 neglegebat,
925 4332 982 4415 qui
1006 4348 1073 4398 non
1097 4329 1163 4398 nisi
1187 4329 1216 4394 ἐν
1236 4337 1306 4402 ταῖς
1328 4328 1495 4405 leudino
1516 4328 1563 4393 in·

367 4454 603 4522 veniehantur.

414 4577 456 4643 In
478 4576 656 4645 homericis
678 4576 767 4644 haud
790 4592 864 4643 raro
882 4575 1013 4659 accidit,
1034 4578 1075 4642 ut
1093 4574 1190 4643 hodie
1210 4589 1272 4640 nos
1291 4571 1366 4639 aliis
1377 4569 1564 4638 rationibus

369 4699 463 4767 ducti
495 4697 661 4765 servanda
692 4715 892 4765 censeamus
921 4714 1006 4780 quae
1037 4696 1216 4763 damnavit
1245 4710 1387 4761 acumen
1418 4693 1564 4759 Alexan·

369 4819 558 4904 dn‘norum3
579 4819 684 4887 immo
702 4820 845 4887 libenter
863 4836 1119 4902 nonnumquam
1136 4817 1231 4884 Iliadi
1246 4816 1429 4884 adiciemus
1440 4831 1565 4898 paucos
