3848 6006
832 827 896 893 199

358 1003 460 1069 tibus
483 1002 653 1085 Vergilius
675 1005 737 1074 hcc
758 1007 925 1075 adiectivo
948 1026 1031 1077 usus
1053 1012 1109 1076 est
1130 1009 1172 1077 de
1193 1011 1293 1077 hasta
1315 1013 1366 1078 10.
1382 1013 1457 1078 162.

269 1127 335 1194 259
426 1126 501 1193 Non
524 1142 585 1208 ego
606 1132 820 1197 consueto
843 1131 1041 1199 mortalibus
1063 1149 1142 1199 uror
1164 1149 1306 1200 amore

402 1249 500 1332 Prcp.
530 1249 678 1316 1.12.5
708 1269 772 1319 nec
800 1253 883 1319 mihi
905 1257 1143 1321 consuetos
1167 1254 1324 1339 amplexu
1348 1256 1459 1322 nutrit

356 1386 537 1437 amores.
559 1370 609 1438 cl.
632 1389 719 1455 quae
741 1373 812 1440 dixi
834 1374 876 1440 ad
901 1392 935 1441 v.
960 1375 1036 1452 286,
1060 1379 1097 1442 et
1116 1375 1189 1441 Ter.
1207 1375 1313 1442 Andr.
1335 1376 1399 1442 185
1418 1379 1459 1443 ut

357 1496 616 1560 consuetum
640 1493 736 1561 1111111
757 1513 944 1563 amorem
967 1514 1129 1564 cerneres.

267 1611 334 1677 269
356 1611 462 1695 Quem
486 1616 613 1696 pater
635 1615 729 1699 ipse
751 1616 853 1684 deum
875 1618 999 1701 sceptri
1022 1619 1163 1686 donavit
1186 1619 1349 1687 honore

402 1734 489 1803 Aen.
519 1738 551 1802 6.
573 1736 640 1804 780
661 1741 697 1806 et
719 1742 847 1822 pat-er
868 1739 964 1824 ipsc
986 1757 1048 1807 auo
1071 1758 1232 1824 superum
1255 1741 1323 1808 iam
1345 1741 1460 1821 signat
1604 1803 1616 1824 ‚

356 1854 530 1923 honore.

267 1976 330 2044 271
379 1976 576 2063 Dicendum,
597 1979 726 2047 frustra
746 1981 1051 2049 circumvehcr
1074 1982 1189 2050 omnia
1211 1983 1333 2050 verbis.

402 2098 521 2181 Georg.
538 2100 571 2166 8.
584 2101 649 2168 284
665 2101 723 2168 sed
738 2101 827 2182 ugit
837 2102 977 2185 interea,
989 2103 1078 2184 rugit
1089 2104 1299 2186 irreparabile
1311 2108 1458 2187 tempus,

356 2218 491 2302 singula
520 2221 602 2288 dum
631 2223 723 2305 capti
752 2222 1152 2291 circumvectamur
1173 2241 1297 2291 amore.
1320 2224 1460 2292 Servius

357 2342 500 2409 verbnm
522 2341 672 2410 insolens
692 2344 852 2426 explicuit
879 2345 1075 2432 „speciatim
1097 2349 1221 2412 cuncta
1241 2344 1459 2412 describere.”

269 2463 333 2530 282
378 2465 454 2530 Ant
475 2463 558 2530 mihi
582 2465 752 2547 praesenti
774 2466 1046 2549 peperissem
1069 2465 1208 2533 vulnere
1230 2466 1377 2533 letum.

402 2585 489 2651 Aen.
503 2586 534 2651 6.
548 2585 614 2651 484
629 2587 685 2669 qui
702 2587 767 2653 sibi
786 2586 925 2654 letum
944 2587 1099 2655 insontes
1117 2602 1324 2671 peperere
1342 2603 1457 2653 manu.

271 2706 334 2773 286
612 2709 639 2776 0
662 2708 766 2775 mihi
790 2726 881 2776 nunc
904 2709 1095 2777 iterum...

403 2828 471 2895 Ecl.
492 2828 1456 2912 458011111111111ο11ω.411.8.660011111...

356 2950 387 3018 si
407 2950 542 3018 referat.

271 3069 334 3137 818
402 3072 515 3141 'I'ene
536 3075 642 3142 etiam
664 3076 846 3143 fortuna
868 3075 973 3142 mihi
996 3074 1139 3143 crudelis
1161 3075 1314 3142 ademit?

402 3195 491 3262 Aen.
517 3198 569 3262 11.
587 3197 632 3262 42
656 3196 787 3275 Tene,
808 3196 929 3282 inquit,
954 3196 1141 3264 miserande
1163 3212 1312 3280 puer...
1335 3196 1459 3264 invidit

356 3314 537 3384 fortuna
560 3317 677 3385 mihi.
700 3318 750 3385 01.
777 3320 806 3384 1.
819 3320 885 3387 617
909 3319 1014 3385 Tune.

268 3435 335 3504 640
379 3438 444 3505 His
466 3438 524 3505 ubi
547 3437 705 3507 solicitos
727 3440 834 3507 animi
856 3441 1139 3508 relevaverat
1160 3445 1316 3509 aestus

403 3558 499 3627 Ovid.
529 3559 573 3625 A.
597 3560 641 3628 A.
665 3561 698 3628 8.
722 3559 788 3630 697
820 3578 971 3645 quaeque
992 3579 1087 3629 meos
1109 3562 1282 3629 releves
1303 3564 1459 3629 aestus

357 3684 496 3749 cantare
518 3681 658 3750 solebat.

269 3800 335 3868 846
358 3799 482 3886 Incipit
505 3804 548 3870 ad
571 3804 704 3871 crebros
726 3804 839 3872 insani
862 3805 1008 3888 pectoris
1031 3805 1121 3873 ictus

358 3923 473 3990 serre
496 3942 686 4003 manum,
709 3926 856 3994 assiduis
879 3925 1031 3994 mulcens
1053 3927 1310 4011 praecordia
1329 3927 1459 4010 palmis.

402 4045 486 4113 iiire
501 4046 646 4122 ,dictum
676 4047 791 4114 ierre
822 4065 993 4115 manum
1016 4049 1057 4115 de
1079 4048 1220 4132 nutrice,
1243 4066 1329 4131 quae
1351 4048 1460 4114 cordis

356 4166 634 4250 palpitationibus
649 4168 807 4236 sedandis
819 4187 958 4237 manum
969 4171 1096 4254 pectori
1106 4169 1276 4237 admovet
1296 4169 1460 4237 Hosius

357 4305 389 4371 p.
400 4289 443 4355 29
454 4289 599 4356 contulit
610 4290 815 4359 44116406
828 4292 862 4358 in
875 4292 1000 4375 proelia
1012 4294 1132 4359 suetus
1148 4291 1263 4358 ferre
1278 4308 1459 4358 manum.

402 4409 662 4479 Praecordia
688 4412 724 4479 in
747 4412 953 4496 paenultimo
976 4413 1104 4480 habent
1125 4413 1243 4492 Georg.
1268 4412 1299 4478 2.
1312 4413 1378 4479 484
1401 4413 1460 4479 cir·

360 4548 440 4599 cum
464 4549 522 4615 pr.
547 4533 696 4615 sanguis.
720 4534 805 4601 Aen.
833 4535 943 4602 2866
967 4534 1053 4602 redit
1073 4535 1107 4601 in
1127 4551 1183 4616 pr.
1204 4534 1325 4600 virtus.
1349 4536 1380 4599 9.
1394 4533 1460 4599 698

356 4672 446 4724 novo
468 4673 525 4740 pr.
549 4672 661 4738 regno.
689 4656 740 4724 10.
754 4656 817 4723 451
844 4657 911 4724 coit
934 4657 970 4723 iu
992 4674 1050 4740 pr.
1076 4656 1226 4737 sanguis.

267 4775 334 4844 848
423 4777 612 4859 FrIgidulos
633 4779 746 4845 cubito
769 4778 960 4844 subnixa
981 4777 1141 4861 pependit
1163 4776 1293 4844 ocellos.
