4144 6154
899 903 967 970 459

328 1106 418 1158 auno
447 1105 615 1156 nuoocxvu
644 1085 779 1171 Lipsiae
801 1085 924 1172 prodiit
945 1085 981 1153 in
1015 1082 1149 1152 libraria
1171 1080 1420 1167 Weidmannia,
1446 1098 1523 1148 con·

327 1211 507 1292 timutem,
537 1211 671 1294 praeter
692 1208 883 1291 minente
905 1205 1056 1275 historici
1079 1203 1311 1274 Heracleensis
1333 1203 1522 1271 Memnonis

326 1349 349 1399 a
369 1331 490 1400 Photio
512 1335 650 1400 seruata
668 1333 772 1414 atque
789 1330 856 1398 alia
869 1329 1033 1413 quaedam
1045 1327 1088 1395 ad
1100 1325 1295 1394 Heracleam
1307 1325 1520 1407 pertinentia.

328 1452 465 1522 chionis
493 1468 625 1537 quoque
653 1451 813 1534 epistolas
842 1451 886 1519 ab
908 1449 1112 1518 Hoffmanno
1135 1447 1246 1516 editas
1267 1464 1346 1514 cum
1367 1445 1522 1515 versione

326 1573 444 1642 latina.
467 1574 614 1642 additae
632 1575 717 1640 suut
733 1572 987 1640 emendationes
1004 1553 1161 1639 aconem
1172 1568 1382 1650 excogitatae
1392 1579 1521 1636 earum*-

326 1712 392 1779 que
423 1696 573 1780 quinque
601 1693 794 1788 Hermonis
822 1693 858 1760 in
880 1691 1100 1760 annotatione
1122 1689 1239 1757 critica
1259 1700 1342 1757 suae
1364 1688 1521 1758 editionis

325 1812 468 1881 laudans
490 1814 604 1883 nescio
625 1831 692 1899 quo
714 1813 812 1883 modo
830 1813 1007 1881 nominum
1026 1811 1248 1880 similitudine
1265 1799 1521 1894 deceptusquus

325 1932 473 2002 Ooberus
505 1935 639 2005 invenit
669 1935 794 2004 Cobeto
823 1934 1026 2018 adscripsit
1045 1933 1100 2003 Sic
1130 1951 1192 2001 vos
1216 1951 1282 2001 non
1307 1933 1420 2001 vobisl
1444 1933 1520 2000 Iure

325 2053 473 2123 Coberus
494 2057 589 2139 queri
610 2060 726 2142 posset
747 2075 829 2126 suas
851 2057 915 2125 sibi
938 2072 994 2124 res
1014 2055 1115 2140 eripi;
1135 2055 1292 2141 pauperis
1311 2071 1386 2124 esse
1404 2073 1519 2123 nume

324 2193 399 2244 rara
427 2194 549 2262 penum
580 2175 705 2248 Cobeto
735 2183 792 2246 sat
821 2193 988 2262 superque
1009 2193 1085 2246 esse
1106 2193 1214 2261 neque
1236 2175 1283 2244 illi
1301 2176 1409 2245 abeno
1432 2193 1518 2260 opus
1589 2236 1591 2242 .

324 2313 400 2365 ense
432 2299 570 2382 peculio.
601 2299 688 2368 'l'ttm
717 2317 837 2368 verum
865 2303 920 2368 est
952 2298 1004 2366 nal
1028 2297 1162 2380 διιμισίσ
1184 2296 1239 2364 καὶ
1264 2298 1325 2383 lita
1349 2297 1519 2381 βλσβειὶυ

324 2411 401 2484 aba
425 2419 482 2494 τὶν
504 2419 693 2500 buenvalet.

368 2539 459 2609 Sunt
487 2545 606 2611 autem
635 2543 724 2610 illae.
739 2541 900 2628 epistolae
920 2560 1006 2627 quas
1029 2541 1175 2610 conaus
1196 2543 1278 2611 adeo
1300 2542 1519 2612 adamaverat

323 2661 413 2729 haud
435 2663 617 2732 invenuste
638 2664 795 2749 scriptae,
819 2664 878 2732 sed
896 2681 964 2732 uon
983 2664 1026 2733 ab
1045 2663 1119 2747 ipso
1138 2661 1273 2731 Chione.
1293 2662 1442 2732 coniecit
1459 2679 1518 2731 eas

322 2782 489 2866 quispiam
523 2784 685 2867 sophista.
719 2785 759 2852 In
792 2784 1022 2852 huiusnemodi
1053 2783 1216 2864 ἐπιδείξεσι
1248 2783 1418 2868 sophistae
1448 2800 1516 2852 non

322 2904 487 2972 curabant
519 2908 711 2988 temporum
744 2906 902 2992 rabones,
938 2886 1036 2974 unice
1068 2905 1176 2973 securi
1207 2941 1242 2954 -
1272 2909 1314 2973 ut
1346 2904 1517 2974 Plutarchi

323 3024 436 3092 verbis
468 3027 548 3093 utar
573 3062 604 3075 -
631 3025 711 3110 quid
744 3026 878 3107 χιιιιιιιί
906 3049 987 3100 σιιιες
1016 3023 1178 3107 tordarias
1202 3024 1325 3099 ιτσιὸυες
1349 3026 1515 3095 iuberent.

322 3143 425 3213 Nihili
443 3146 520 3214 illas
536 3147 808 3231 computationes
826 3147 957 3216 molunt
974 3163 1036 3216 uec
1047 3151 1208 3215 verentur
1218 3147 1418 3228 coniungere
1428 3163 1516 3231 quae

321 3265 387 3350 ipsi
409 3267 511 3350 probe
532 3268 646 3336 minut
666 3285 703 3336 re
725 3286 807 3338 vera
828 3269 1036 3362 temporibus
1056 3269 1154 3352 longe
1175 3268 1516 3358 dismanatas

320 3386 464 3470 scriptor
496 3385 634 3456 chionis
666 3387 885 3473 epistolarum
920 3389 1001 3457 iacit
1040 3388 1203 3457 libionem
1238 3389 1442 3456 scribentem
1476 3406 1514 3457 se

320 3507 469 3576 mirasse
500 3507 650 3577 militum
678 3508 900 3594 cmhuornm
929 3509 1094 3579 tumultui
1119 3511 1278 3606 Byzantii
1300 3510 1411 3593 ibique
1433 3527 1514 3578 cum

321 3628 546 3715 Xenophonte
566 3631 837 3715 philowphalum
855 3648 941 3700 esse.
960 3631 1038 3700 Uno
1057 3632 1111 3700 vel
1129 3631 1261 3700 duobus
1277 3632 1378 3711 aunis
1397 3634 1515 3714 postea

322 3750 410 3817 idem
443 3754 646 3834 personatus
679 3751 785 3820 chion
820 3755 910 3836 patri
943 3771 1006 3822 suo
1040 3752 1159 3822 scribit
1193 3771 1230 3822 se
1260 3753 1407 3821 Athenis
1436 3771 1514 3820 oum

321 3870 461 3939 Platone
490 3871 714 3956 philosophari
743 3875 780 3939 et
810 3873 922 3958 ipsum
953 3874 1127 3957 Platonen,
1151 3874 1293 3956 triginta
1315 3873 1384 3942 iere
1405 3891 1514 3942 anuos

320 3994 450 4078 uatum,
481 3991 562 4059 lacit
588 3992 727 4076 nuptias
748 3993 871 4061 sororis
893 3994 988 4078 nepti
1011 3993 1182 4063 maximae
1205 3997 1289 4062 natu
1311 4011 1390 4063 cum
1413 3992 1515 4077 Speu-

320 4111 416 4196 sippo
445 4117 633 4195 parantum.
666 4111 831 4186 Πλᾶτιιιιι
860 4113 1034 4194 &detortos
1065 4113 1232 4196 θυγατέρες
1263 4115 1322 4182 εἶσὶ
1352 4114 1512 4194 σὶσσσιει.

320 4233 434 4300 τσύτιιι
451 4235 508 4309 stu
527 4232 748 4314 πρεσβυτάτην
766 4234 863 4302 ltdov
884 4236 1077 4318 Σπευσίππῳ
1097 4235 1169 4318 πρός
1189 4233 1306 4316 γάμου,
1324 4237 1373 4304 sic
1383 4235 1514 4304 orditur

318 4355 495 4439 epistolam
525 4355 698 4442 decimam,
729 4374 833 4441 qnam
864 4360 960 4442 patet
982 4357 1142 4442 scriptam
1164 4373 1240 4426 esse
1260 4374 1339 4424 cum
1361 4355 1512 4424 nondum

318 4479 467 4565 quinque
496 4496 605 4548 anuos
635 4481 783 4548 Athenis
814 4485 967 4550 moratus
996 4484 1099 4548 esset
1131 4478 1191 4548 Illa
1218 4495 1300 4548 vero
1321 4475 1410 4545 levia
1432 4491 1512 4559 prae

319 4601 391 4670 hoc.
422 4599 509 4669 dum
540 4599 644 4668 ebion
675 4602 910 4670 constituisset
928 4601 1126 4670 decennium
1145 4603 1258 4669 totum
1276 4595 1425 4665 Athenis
1443 4612 1511 4663 mo

319 4722 386 4790 rari
419 4723 575 4805 patrlque
608 4737 670 4788 suo
704 4723 833 4804 petenti
866 4726 908 4791 nt
936 4723 1075 4791 domum
1105 4723 1298 4788 mvenatur
1327 4717 1510 4786 identidem

319 4843 480 4911 rescribat
513 4859 551 4909 so
583 4859 651 4910 non
680 4847 762 4911 ante
791 4844 991 4913 decennium
1015 4847 1191 4930 peractum
1213 4859 1289 4910 csse
1311 4840 1511 4924 rediturum,
