3848 6006
933 842 1002 918 ³4⁵4

956 1031 1096 1102 Postilla
1117 1029 1228 1100 multu
1249 1031 1364 1100 iocosa

505 1158 657 1228 taudem
676 1156 833 1242 perpetui
849 1155 997 1225 obnrdae
1019 1154 1213 1224 relemntur
1234 1153 1380 1222 bonores

506 1281 698 1364 Felieesqne
721 1279 842 1348 donent
863 1280 1003 1362 metros,
1026 1295 1112 1361 quas
1131 1277 1275 1344 verbere
1291 1292 1394 1343 suero

433 1401 483 1470 78
503 1401 723 1486 castigatum
739 1399 895 1486 sterilem
918 1397 1068 1468 obmnnt
1090 1398 1153 1466 beo
1174 1413 1275 1484 saepe
1297 1396 1424 1465 ferenes

505 1525 666 1594 ilvasisae
688 1540 808 1591 nunus.

415 1642 524 1711 Loous
542 1647 637 1712 reete
654 1660 698 1712 ee
719 1643 831 1730 hebet,
855 1643 887 1713 si
908 1643 1070 1726 legimns:

506 1764 701 1849 contiguam
722 1763 856 1834 steriles
875 1765 1028 1834 clamant
1044 1765 1112 1832 lroo
1134 1780 1234 1847 saepe
1254 1763 1385 1832 lernoes

505 1886 665 1956 Evasiese
687 1903 806 1955 umus.

412 2129 627 2215 Supprimere
660 2131 798 2200 uomina
825 2148 907 2216 prus
935 2130 1167 2215 indignatione
1195 2146 1264 2199 nou
1286 2133 1417 2215 potest:
1440 2146 1568 2216 nempe

367 2255 467 2320 notet
496 2252 667 2321 libidinem
696 2253 869 2322 Pontidois
892 2254 973 2322 Julii
995 2253 1038 2337 ll,
1061 2254 1119 2337 qui
1141 2257 1183 2321 ut
1205 2252 1409 2320 concubinae
1432 2253 1569 2336 plnoent

366 2375 580 2444 ambitiosius
600 2391 658 2443 res
680 2375 814 2443 divinas
836 2376 978 2460 peragit
996 2375 1091 2460 Quod
1113 2375 1174 2443 nbi
1192 2374 1302 2443 audiit
1321 2373 1477 2451 lloniter,
1489 2393 1567 2444 nou

366 2497 511 2581 amplius
545 2513 584 2564 se
617 2499 724 2576 must,
751 2497 967 2566 exclamans:
1004 2497 1086 2584 „Est
1108 2495 1217 2578 longis
1237 2495 1438 2563 menibusl''
1462 2496 1569 2564 Haud

366 2617 574 2686 dissimiliter
615 2618 650 2686 iu
688 2620 795 2688 satire
828 2619 1025 2687 duodecima
1057 2617 1148 2702 apud
1182 2617 1383 2686 ilontenum
1416 2616 1570 2686 tinnitor

366 2738 583 2824 interrumpit
603 2740 710 2808 verba
732 2744 861 2824 poetae,
885 2738 1048 2807 dioentisr

502 2861 650 2942 donabus
672 2863 726 2928 est
748 2862 889 2929 virtutis
911 2860 1018 2928 bonos
1041 2863 1078 2928 et
1099 2860 1203 2942 gloria
1225 2859 1305 2938 sola,

501 2980 609 3063 Quum
630 2981 724 3050 dedit
745 2985 808 3051 aut
829 2999 924 3051 amor
945 2986 1007 3051 aut
1030 2981 1158 3050 levium
1179 2985 1294 3050 metus
1310 2981 1567 3051 bisterioorum.

432 3099 481 3169 Μ.
504 3102 589 3185 Quid
613 3103 739 3172 videsis
761 3102 890 3172 lanias?
912 3103 1074 3173 liniestas
1094 3104 1189 3187 regin
1211 3102 1329 3186 longas

500 3223 605 3292 Novit
625 3224 747 3293 babere
768 3242 902 3294 manue.

407 3467 448 3535 ln
478 3467 545 3535 tine
571 3467 700 3535 satirae
730 3471 830 3551 poeta
851 3465 969 3535 laudat
992 3471 1128 3552 tempus
1151 3472 1277 3556 aetum,
1302 3468 1335 3537 id
1358 3471 1446 3553 quod
1470 3473 1565 3557 apud

363 3587 563 3656 Montanum
589 3605 720 3672 quoque
743 3589 879 3673 menius
899 3590 1104 3659 invenimus.
1127 3592 1278 3660 Revoca
1302 3592 1337 3658 in
1361 3594 1565 3662 memoriam

363 3713 514 3794 tempora
549 3708 708 3795 cypriani
742 3711 904 3794 martyris
937 3716 974 3779 et
1003 3712 1110 3796 patris
1141 3712 1337 3794 Augustini,
1369 3714 1426 3796 qui
1456 3715 1565 3784 victis

362 3831 457 3900 vitiis
491 3835 595 3914 etque
617 3835 775 3916 superam
797 3831 959 3900 daemone
980 3833 1231 3917 triumphantes
1246 3835 1343 3902 -olara
1363 3851 1468 3917 regna
1490 3854 1563 3905 eoe-

361 3949 470 4019 lorum
493 3951 677 4020 intrarunt.
702 3952 907 4020 conferenda
930 3953 1026 4021 nobis
1048 3957 1103 4020 est
1122 3955 1228 4022 satire
1246 3954 1375 4024 decima
1394 3956 1562 4044 Montani,

360 4089 463 4157 qnam
496 4073 666 4142 dodim
694 4075 802 4142 amieo
825 4091 888 4142 suo
912 4075 1059 4143 Gernrdo
1082 4076 1402 4160 noviomagenses
1424 4081 1561 4150 veebis:

364 4193 525 4282 „satiram
555 4194 618 4261 tibi
648 4195 711 4262 feei
742 4195 783 4262 de
804 4197 1051 4265 oontemnends
1069 4204 1191 4282 morte,
1216 4199 1256 4267 de
1279 4200 1440 4268 desiderio
1462 4204 1561 4284 regni

359 4314 524 4395 caelestis,
555 4317 597 4383 de
627 4316 811 4401 voluptate,
834 4319 876 4384 de
898 4319 1018 4402 opibus
1040 4319 1146 4403 deque
1169 4321 1281 4389 omnis
1304 4322 1474 4390 humanae
1497 4324 1560 4392 for·

360 4443 465 4507 tunae
488 4440 697 4507 beatitudine
711 4440 972 4509 onnismnendis
991 4443 1028 4508 st
1045 4476 1075 4490 -
1095 4445 1136 4508 ut
1147 4444 1267 4511 omnis
1285 4444 1384 4511 unico
1401 4445 1560 4529 exemplo

358 4562 562 4646 eompleotar
585 4598 620 4610 -
642 4562 684 4630 de
706 4563 776 4631 solo
797 4562 878 4630 lesu
902 4561 1036 4630 onusto
1058 4562 1233 4643 imitando,
1255 4583 1367 4650 quam,
1391 4565 1472 4647 quie
1495 4569 1559 4635 tua

359 4688 423 4767 est,
447 4685 488 4751 sd
513 4689 548 4751 te
571 4684 705 4752 mitto''.

859 4884 1054 4894 ———
