3848 6006
875 139 942 203 420

312 319 428 385 laurea
460 320 626 397 ἑμείνονες.
659 320 879 387 Inserendum
909 322 963 386 est
992 319 1067 385 sine
1089 317 1319 385 controversia
1341 319 1403 383 eut
1428 310 1508 388 ἦσάν

310 465 350 520 γε
376 435 537 525 (Araiai)
561 445 632 521 aut,
666 441 696 507 si
719 441 841 518 mavis,
866 434 993 524 (ἄνδρες
1018 432 1166 522 circini),
1192 439 1352 521 quoniam
1375 441 1509 505 utrum·

309 581 374 646 que
396 567 434 630 et
454 580 610 645 graecum
629 566 666 630 et
685 562 913 629 Herodoteum
931 566 995 630 est.
1020 561 1068 630 De
1087 561 1260 629 sententia
1278 563 1396 628 eutem
1415 558 1510 626 nulle

309 687 520 767 potestesse
543 684 719 751 dubitatio.

355 808 476 875 Persae
505 807 658 875 omnium
681 805 881 888 scriptorum
904 822 1070 874 consensu
1094 805 1237 873 fortes
1259 807 1360 872 erent
1381 819 1509 887 perque

308 931 420 995 totum
451 928 532 995 illud
566 928 689 994 bellum
719 927 849 993 virtute
873 925 1115 1003 excelluerant;
1148 925 1183 992 in
1206 925 1392 992 certamine
1416 924 1509 992 Sala·

310 1050 415 1118 minio
447 1067 525 1117 vero
556 1049 661 1117 etiam
685 1049 794 1130 magis
816 1066 919 1131 quam
941 1048 984 1114 ed
1006 1048 1176 1115 Euboeam
1198 1046 1297 1115 solito
1322 1046 1420 1128 longe
1443 1046 1507 1114 ior·

311 1173 415 1241 tiores
436 1188 511 1239 sese
532 1172 785 1255 praestiterunt.

353 1416 396 1483 ΙΙ.
431 1414 501 1482 Nec
532 1414 646 1481 minus
675 1417 731 1480 est
760 1414 844 1481 mihi
874 1414 916 1480 de
943 1414 1064 1481 mendo
1087 1416 1284 1497 suspectum
1308 1414 1396 1495 quod
1425 1414 1464 1480 L.
1490 1412 1505 1479 l

307 1555 336 1604 c.
360 1537 401 1603 31
428 1554 474 1604 m.
497 1535 586 1619 epud
608 1535 752 1603 eundem
776 1538 895 1602 narrat
915 1533 1015 1601 Solon
1038 1535 1079 1601 de
1101 1533 1225 1601 Cnaonr
1246 1537 1283 1600 et
1302 1534 1450 1602 Bmons:

352 1655 416 1724 ltu
442 1656 564 1729 πάντων
588 1657 644 1730 τὴν
669 1654 788 1736 uarice
813 1655 915 1722 αὐτῶν
938 1654 1047 1737 ζεύγεϊ
1069 1656 1249 1732 κομισθῆναι
1274 1655 1305 1728 ἐς
1329 1653 1365 1720 τύ
1384 1653 1455 1737 iada.
1477 1655 1505 1720 οἱ

308 1777 341 1845 δύ
372 1784 431 1859 σφε
455 1776 529 1857 βύες
554 1779 589 1842 ἐκ
613 1780 666 1842 τοῦ
689 1777 787 1857 ύγρνύ
811 1777 845 1842 ού
868 1776 1069 1856 παρεγίνοντο
1093 1777 1130 1841 ἐν
1153 1773 1240 1858 dn·
1266 1776 1506 1855 ἕκκλνῖύμε-

308 1923 363 1966 νον
389 1899 426 1965 ti
450 1909 495 1981 τῇ
521 1895 592 1979 ripa
613 1899 639 1963 ol
663 1897 776 1973 νεννύνν
797 1896 960 1971 ὑποδύντες
982 1897 1068 1964 edroi
1090 1896 1149 1962 ὑπὸ
1168 1900 1223 1974 τὴν
1244 1898 1380 1980 ζεύγλην
1402 1895 1505 1966 εἷλκον

309 2025 364 2098 τὴν
388 2021 519 2101 ἅμαξαν
543 2021 608 2087 art.

354 2145 506 2213 Primum
536 2144 627 2210 enim
659 2160 717 2210 vv.
747 2144 815 2210 ista
844 2142 1050 2220 ἑκκλνῖύμενεν
1081 2141 1113 2208 ii
1136 2152 1174 2224 τῇ
1198 2139 1255 2223 ύργ
1277 2161 1380 2226 quam
1403 2145 1504 2214 inele·

308 2271 428 2351 genter
457 2271 494 2334 et
524 2267 597 2333 sine
627 2265 695 2333 ulla
723 2266 926 2332 necessitate
947 2264 1225 2332 antecedentibus
1248 2266 1450 2343 παρεγίνοντο
1473 2268 1504 2332 ἐν

308 2385 364 2471 ripa
394 2389 524 2457 adiecta
555 2390 637 2455 sunt
665 2404 833 2470 quamque
864 2386 1036 2468 ingratum
1062 2390 1140 2470 post
1163 2382 1219 2466 ύνν
1242 2386 1388 2454 alterum
1410 2389 1504 2457 istud

309 2508 364 2593 ύρν
395 2510 524 2578 accedit
553 2509 595 2576 ed
618 2526 717 2577 aures
740 2509 776 2575 in
801 2508 956 2592 proxima
978 2508 1103 2576 vicinia
1125 2525 1229 2576 sensu
1251 2509 1350 2592 plane
1369 2510 1505 2580 diverso

309 2632 527 2715 usurpatuml
559 2631 664 2710 (doceo
694 2649 763 2697 non
791 2631 935 2698 odorum
964 2631 1003 2697 ν’νν
1033 2631 1194 2715 tempore:
1225 2633 1337 2715 doque
1367 2633 1505 2702 iuvenes

308 2756 452 2838 tempore
469 2789 504 2800 -
522 2752 644 2820 licetne
663 2745 897 2835 interpretari:
921 2754 1080 2836 temporie
1101 2749 1279 2819 neonae?
1297 2789 1328 2801 —
1350 2756 1507 2840 impediti

308 2875 376 2959 ipe·
402 2876 598 2958 cumeram
629 2875 841 2956 tramaricam
875 2876 950 2940 turn
985 2872 1206 2940 vehementer
1235 2890 1353 2941 vereor
1383 2879 1425 2943 ut
1456 2877 1507 2942 ἐν·

310 2996 468 3070 ueniretur
499 3004 538 3076 τῇ
570 2991 626 3076 oica
656 3012 717 3078 pro
739 2995 899 3079 temporie
920 2997 1089 3078 annuntiat
1108 2995 1284 3079 prohiberi
1306 2996 1390 3064 bene
1412 3015 1506 3080 gree

309 3136 388 3186 cum
406 3118 463 3185 sit.
484 3118 580 3184 Adde
599 3116 686 3200 quod
706 3134 749 3184 ne
767 3134 888 3184 verum
908 3116 1042 3199 quidem
1061 3119 1116 3183 est
1134 3118 1221 3200 quod
1233 3135 1324 3184 nunc
1336 3120 1505 3204 scriptum

308 3243 422 3307 extet:
441 3239 569 3306 scilicet
587 3238 738 3305 nondum
758 3254 832 3304 sero
850 3241 940 3304 eret:
966 3237 1121 3304 videmus
1140 3237 1274 3306 Cleobin
1294 3243 1330 3306 et
1345 3241 1506 3311 Bitonem

310 3362 491 3446 quominus
522 3365 667 3428 matrem
697 3361 739 3427 ed
760 3363 897 3443 tempus
919 3360 961 3426 ed
984 3360 1101 3427 fanum
1124 3360 1264 3427 Iunonis
1286 3364 1507 3445 pervexerint

311 3484 472 3567 temporis
509 3483 678 3564 angustiis
718 3482 913 3565 neutiquam
950 3482 1134 3564 prohibitos
1166 3481 1281 3550 lirisse.
1319 3483 1506 3567 Aliquanto

310 3606 435 3672 rectius
457 3607 548 3672 certe
571 3603 771 3670 Plutarchus
795 3604 875 3670 Mor.
903 3603 1007 3670 109Α
1031 3604 1229 3671 substituit:
1250 3611 1306 3678 τῆς
1325 3601 1403 3685 cicae
1424 3605 1507 3674 ἐπεν-

309 3725 434 3810 γνύσνς,
459 3728 599 3810 tempore
617 3728 764 3809 arcente.
791 3725 905 3810 Nuper
924 3729 1041 3792 autem
1060 3725 1209 3808 relegens
1229 3727 1408 3795 monnone
1422 3730 1506 3799 ltce-

309 3849 449 3916 celonoe
478 3847 737 3933 Duputodonm
762 3866 841 3915 cum
865 3847 1044 3914 inciderem
1068 3848 1103 3914 in
1124 3848 1162 3914 L.
1186 3849 1202 3914 l
1225 3850 1333 3928 5113,
1356 3853 1506 3934 suspicio

309 3970 393 4036 mihi
424 3974 506 4037 nata
535 3972 591 4036 est
621 3969 657 4035 in
689 3969 880 4037 narratione
902 3969 1090 4036 Herodotea
1111 3969 1146 4035 in
1169 3971 1350 4056 archetypo
1372 3990 1505 4042 corroso

309 4090 518 4158 intercidisse
549 4091 718 4174 nonnulle,
750 4090 878 4167 deinde,
909 4094 949 4156 ut
980 4091 1028 4173 lit,
1053 4094 1273 4159 correctorem
1295 4091 1408 4160 locum
1433 4114 1504 4163 mu-
