3848 6006
729 1713 779 1796 ti
806 1713 974 1797 iactum.

802 1925 913 1962 mmm

647 2074 685 2141 P.
708 2073 740 2141 J.
763 2072 807 2140 M.
832 2073 929 2141 VAN
952 2074 1062 2142 GILS.

1129 2442 1205 2509 ὀλίγη
1222 2460 1253 2495 τι
1270 2442 1333 2508 φίλη
1350 2459 1387 2495 τι,

307 2604 495 2686 agripeta.
515 2606 580 2674 VI:
606 2607 695 2692 ,Mox
714 2607 803 2673 inter
822 2610 1040 2690 quaesturam
1059 2625 1099 2674 ao
1118 2608 1331 2674 tribunatum
1351 2606 1455 2689 plebis

260 2731 364 2810 atque
384 2729 497 2811 ipsum
522 2727 626 2794 etiam
650 2728 844 2795 tribunatus
867 2746 996 2795 annum
1020 2729 1133 2811 quiete
1156 2732 1192 2796 et
1214 2729 1282 2795 otio
1307 2730 1455 2808 transiit,

259 2866 387 2932 gnarus
416 2851 482 2916 sub
513 2847 644 2916 Nerone
674 2853 874 2933 temporum,
906 2850 1028 2933 quibus
1056 2850 1179 2917 inertia
1210 2867 1268 2932 pro
1290 2850 1456 2933 sapientia

261 2971 336 3037 mit.
370 2971 465 3038 Idem
494 2973 671 3054 praeturae
701 2973 823 3038 certior
852 2975 889 3039 et
918 2973 1110 3056 silentium;
1148 2989 1210 3039 neo
1238 2973 1329 3040 anim
1361 2972 1454 3039 iuris·

260 3092 362 3159 dictio
383 3092 589 3160 obvenerat.¹

308 3214 399 3281 Haeo
419 3222 475 3280 est
495 3214 594 3282 lentio
616 3216 794 3298 utriusque
818 3215 974 3283 Vaticani
997 3216 1117 3284 codicis
1140 3218 1185 3296 (A
1209 3219 1245 3284 et
1268 3217 1319 3297 B).

307 3335 419 3402 Verba
447 3339 605 3420 corrupta
634 3353 710 3404 osse
738 3337 807 3404 iam
837 3339 1054 3420 perspexerat
1083 3337 1269 3405 Rhenanus
1296 3341 1332 3404 et
1356 3336 1455 3404 scribi

262 3459 408 3525 iusserat
430 3462 534 3543 ‘anor
556 3463 586 3524 et
605 3459 799 3526 silentium’.

307 3582 559 3664 Peerlkampius
577 3582 770 3650 dubitanter
791 3582 963 3666 proponit:
984 3600 1121 3667 ‘gnarus
1141 3584 1204 3649 sub
1223 3583 1354 3649 Nerone
1373 3583 1456 3646 tem·

261 3720 391 3787 porum,
425 3704 547 3787 quibus
582 3704 703 3772 inertia
736 3706 857 3771 certior
890 3708 920 3770 et
955 3722 1014 3787 pro
1046 3705 1213 3787 sapientia
1247 3705 1321 3772 fuit.
1363 3702 1458 3769 idem

262 3826 438 3907 praeturae
460 3825 664 3908 silentium'3
688 3827 760 3892 iure
784 3862 816 3873 -
844 3843 919 3893 mea
942 3826 1077 3909 quidem
1100 3828 1271 3894 sententia
1299 3863 1334 3872 -
1362 3841 1395 3890 v.
1417 3823 1456 3890 cl.

261 3945 470 4013 cometissam
501 3947 588 4014 hano
618 3947 843 4030 suspicionem
874 3946 909 4012 in
932 3949 1069 4013 textum
1092 3947 1227 4028 recepit,
1252 3965 1332 4014 nam
1354 3946 1457 4012 verba

262 4070 391 4134 ‘maior
413 4069 453 4134 et’
473 4068 514 4134 de
536 4085 599 4135 suo
620 4068 692 4135 looo
714 4069 878 4148 migrasse
901 4068 1071 4134 videntur.

308 4189 382 4256 Nisi
405 4188 500 4256 fallor
522 4192 639 4257 manet
662 4194 779 4256 tarum
802 4189 928 4256 vitium
950 4193 986 4255 et
1011 4207 1111 4257 voces
1142 4190 1216 4276 ‘aab
1238 4190 1381 4258 Neroue'
1404 4207 1457 4257 ax·

261 4311 460 4393 pungendae
489 4327 564 4379 esse
594 4312 764 4379 videntur.
796 4311 862 4378 Cir.
893 4312 975 4393 Agr.
1001 4311 1039 4377 5:
1072 4313 1208 4393 ingrata
1238 4313 1456 4395 temporibus,

261 4432 385 4514 quibus
398 4480 407 4499 .
421 4478 429 4497 .
444 4480 451 4499 .
466 4478 487 4511 .‚
510 4434 600 4499 Anu.
621 4433 718 4501 XVI.
738 4432 799 4498 35:
821 4437 970 4500 ceterum
989 4433 1025 4499 in
1046 4450 1086 4500 aa
1105 4436 1259 4516 tempora
1282 4437 1386 4501 natus
1409 4450 1457 4512 es,

262 4552 383 4635 quibus
397 4601 405 4620 .
420 4600 429 4620 .
442 4600 451 4618 .
465 4599 485 4636 .,
509 4554 600 4621 Hist.
623 4554 649 4620 I.
677 4557 712 4621 1:
736 4573 813 4621 rara
836 4558 1027 4638 temporum
1048 4556 1209 4623 felicitate
1233 4555 1292 4623 ubi
1306 4604 1313 4622 .
1328 4602 1337 4622 .
1351 4601 1382 4622 ..

308 4674 454 4756 Legatur
482 4676 602 4756 igitur:
639 4691 775 4760 ,gnarus
811 4675 885 4756 [aab
919 4676 1063 4756 Nerone]
1098 4681 1298 4763 temporum,
1334 4677 1457 4760 quibus

263 4796 387 4864 inertia
407 4797 529 4865 certior
550 4800 585 4864 et
607 4814 667 4880 pro
690 4797 858 4879 sapientia
881 4796 968 4865 fuit'.
