3848 6006
721 1627 770 1710 ltu
801 1629 992 1711 libanium.

800 1853 912 1890 5031an

697 2033 740 2098 A.
775 2033 806 2099 J.
841 2032 1010 2100 iconum.

301 2445 395 2527 ouon
415 2446 530 2527 paucis
548 2446 726 2527 contingit,
746 2445 931 2514 clarissime
950 2445 1088 2529 Nabere,
1108 2449 1149 2512 ut
1169 2448 1205 2512 et
1222 2446 1264 2513 ad
1277 2462 1449 2512 summam

255 2562 468 2634 senectutem
487 2567 687 2650 perveniant
704 2571 741 2634 et
751 2567 933 2634 iuvenilem
945 2567 1112 2650 quendam
1123 2566 1228 2633 animi
1240 2567 1449 2650 corporisque

255 2688 405 2768 vigorem
434 2693 646 2772 conservent,
676 2689 711 2756 id
739 2689 813 2757 Tibi
835 2689 1039 2772 contingere,
1064 2691 1104 2756 ut
1126 2690 1229 2756 ceteri
1250 2705 1369 2756 omnes
1391 2688 1448 2770 qui

256 2810 303 2875 Te
322 2808 436 2876 colunt
452 2813 555 2892 atque
573 2814 701 2895 amant,
725 2826 924 2892 magnopere
942 2810 1069 2891 gaudeo
1090 2811 1227 2893 'libique
1247 2810 1337 2876 hunc
1348 2809 1446 2892 diem,

255 2932 313 3015 qui
337 2932 469 3013 primus
488 2931 535 2998 le
557 2931 642 2998 vidit
660 2932 921 3013 octogenarium,
933 2931 1094 2998 exanimi
1106 2929 1447 3012 sententiagratulor.

255 3053 372 3137 Neque
395 3069 473 3121 vero
492 3071 583 3121 nunc
601 3054 763 3136 gratulari
783 3055 856 3121 Tibi
876 3070 1025 3136 possum,
1045 3053 1173 3136 optime
1185 3053 1354 3135 Magister,
1366 3053 1448 3136 quin

254 3174 356 3242 simul
387 3175 545 3257 profitear
574 3178 671 3257 grato
697 3176 811 3243 animo
833 3191 888 3243 me
912 3191 1044 3257 semper
1066 3175 1229 3242 recordari
1251 3191 1447 3257 semperque

254 3297 508 3364 recordaturum
529 3312 604 3363 esse
626 3295 708 3363 illud
730 3299 876 3378 tempus,
901 3313 980 3362 cum
1003 3295 1126 3362 scholis
1149 3295 1231 3362 Tuis
1254 3295 1445 3362 intereram.

253 3419 299 3485 Et
320 3418 480 3501 quoniam
503 3434 593 3485 nova
614 3417 712 3485 hodie
735 3435 795 3500 pro
818 3417 891 3484 lua
910 3417 1069 3484 felicitate
1090 3419 1170 3484 vota
1190 3417 1447 3498 nuncupareias

253 3544 318 3617 est,
342 3538 430 3606 laxit
455 3539 552 3624 Deus,
577 3541 617 3606 nt
638 3539 773 3622 qualem
793 3539 839 3604 le
858 3555 917 3620 per
936 3537 1276 3605 hocdeoenneotium
1289 3538 1447 3616 vidimus,

252 3663 368 3729 animo
386 3661 540 3744 alacrem,
556 3677 691 3743 corpore
703 3663 873 3745 vegetum,
885 3660 960 3742 ipso
971 3660 1082 3727 labore
1094 3662 1304 3727 senectutem
1317 3660 1447 3724 susten-

254 3785 396 3864 tantem,
429 3782 508 3849 tulie
538 3798 598 3866 per
628 3782 755 3850 multos
781 3782 886 3849 etiam
909 3799 1027 3864 annos,
1051 3781 1229 3848 incolumis
1251 3781 1341 3846 inter
1362 3779 1447 3847 inco·

252 3905 363 3971 lumea
385 3904 486 3986 Tuos,
505 3904 623 3985 degere
643 3904 764 3986 poesis.
784 3903 876 3970 Hoce
895 3906 1011 3969 autem
1032 3902 1283 3984 munusculum,
1296 3917 1336 3967 ex
1351 3903 1448 3968 cuius

252 4026 422 4093 tenuitate
444 4025 564 4108 quanti
587 4026 634 4092 Tc
657 4025 779 4093 iactam
801 4025 906 4093 nolim
928 4025 1115 4109 existimes,
1141 4024 1301 4092 benevolo
1324 4041 1448 4106 quaeso

251 4147 367 4216 animo
389 4147 543 4231 accipias.

298 4390 569 4473 conscripseram
607 4389 731 4473 aliquid
772 4390 813 4456 de
845 4390 930 4457 miro
964 4391 1107 4473 quodam
1137 4407 1256 4473 errore,
1287 4390 1345 4472 qui
1375 4394 1449 4457 erat

251 4491 289 4579 in
318 4511 450 4578 Libanii
480 4510 521 4579 de
553 4512 679 4594 templo
709 4512 875 4594 Apollinis
898 4512 1070 4594 Daphnaei
1094 4512 1249 4580 monodia
1271 4511 1361 4590 (LXl
1385 4513 1447 4597 Rs,

251 4650 330 4700 cum
359 4634 401 4701 ad
432 4649 488 4701 me
510 4634 666 4717 pervenit
688 4636 849 4716 quartum
872 4633 1040 4700 Foersteri
1064 4632 1232 4717 volumen,
1257 4635 1449 4717 nuperrime

251 4754 393 4821 editum.
429 4754 575 4832 Vitium,
588 4842 590 4847 Ι
605 4754 639 4821 id
673 4739 762 4836 quod
798 4755 938 4822 minime
973 4754 1128 4838 mirabar,
1161 4735 1334 4822 sublatum
1365 4760 1448 4822 erat.
