3848 6006
926 850 992 918 277

362 1029 406 1096 iis
434 1028 577 1112 eontigit
606 1031 753 1111 generali
775 1030 925 1098 clausula
948 1030 1088 1114 perlate,
1111 1034 1153 1097 ut
1175 1047 1220 1098 ex
1241 1027 1362 1097 edictis
1386 1025 1558 1108 perpetuis

362 1150 418 1216 ine
448 1151 625 1218 dioeretnr.
657 1151 788 1219 'l'uetur
809 1155 926 1219 eutem
950 1152 984 1216 ri
1009 1139 1158 1231 κήρυγμα
1181 1169 1248 1218 non
1271 1167 1406 1218 omnem
1429 1164 1557 1231 posses

362 1289 484 1350 sorem,
508 1272 666 1340 sedeam
685 1273 743 1356 qni
761 1273 946 1357 possederit
963 1276 1148 1357 antequam
1167 1273 1182 1338 d
1201 1270 1306 1353 ἄρχον
1317 1271 1557 1352 magistratum

363 1393 478 1460 inierit
492 1391 528 1477 1).
551 1393 648 1476 Quid,
670 1394 701 1461 si
723 1393 800 1478 quis
821 1394 1007 1477 possederit
1026 1394 1160 1477 quidem
1181 1395 1240 1462 sed
1260 1393 1422 1460 desierit?
1441 1390 1558 1458 'recita

363 1513 501 1580 videtur
531 1513 671 1581 subesse
701 1515 860 1593 oondieio,
889 1515 1009 1599 nequis
1032 1515 1178 1601 desierit,
1201 1518 1386 1598 antequem
1408 1513 1557 1580 edietum

363 1639 615 1719 proponeretur,
644 1637 745 1720 idque
765 1654 897 1716 causae,
920 1655 981 1704 cur
1003 1638 1017 1703 i
1042 1635 1146 1718 ἄρχον
1170 1637 1256 1710 εὐθὺς
1280 1635 1419 1701 siccatos
1443 1635 1558 1711 πρῶτον

363 1755 423 1830 μὶν
453 1757 607 1837 κηρύττει,
637 1775 680 1825 ne
709 1757 836 1825 soilioet
867 1758 921 1825 vel
944 1759 1184 1826 brevissimum
1208 1760 1369 1842 temporis
1392 1759 1559 1841 punctum

363 1879 614 1961 possessoribus
642 1879 876 1963 oppugnandis
898 1880 1157 1947 detrudendisve
1180 1884 1288 1948 vaoet.
1309 1881 1402 1947 Haeo
1423 1880 1454 1946 si
1478 1895 1559 1945 vera

363 2004 459 2077 sunt,
488 2001 556 2067 tuit
586 2000 691 2068 etiam
722 2000 871 2069 Athenis
900 2001 1119 2068 interdictum
1146 2001 1333 2084 pessimi
1354 2001 1406 2067 ore
1425 2018 1467 2066 oe
1488 1998 1559 2079 fiet,

362 2125 400 2188 et
422 2122 512 2190 aetio
532 2122 668 2206 cognito
690 2122 798 2190 veluti
815 2122 1030 2204 possessoris,
1049 2122 1116 2189 etsi
1135 2139 1203 2189 non
1223 2125 1323 2205 putat
1343 2118 1560 2204 Beauomt’).

364 2242 526 2310 ceterum
555 2243 690 2311 videtur
703 2240 730 2323 ⁸)
760 2244 884 2311 archon
915 2244 977 2311 boo
999 2243 1108 2311 edicto
1130 2261 1185 2311 res
1208 2243 1347 2311 mobiles
1369 2245 1405 2309 et
1427 2240 1561 2324 praedis

366 2365 493 2448 pariter
515 2364 817 2448 eomprehendisse,
838 2381 946 2448 neque
964 2365 998 2431 id
1016 2364 1123 2431 videri
1134 2365 1233 2432 debet
1245 2362 1298 2430 vel
1311 2367 1424 2447 potest
1436 2361 1561 2429 mimm

367 2485 606 2570 reputantibus
627 2486 734 2555 etiam
757 2484 812 2558 rio
835 2481 971 2569 ἐξούλης,
995 2486 1031 2553 in
1050 2503 1117 2568 qua
1137 2485 1352 2569 proprietatis
1370 2501 1472 2550 eausa
1491 2500 1562 2550 ver·

367 2610 471 2690 tator,
503 2608 629 2689 pariter
658 2608 700 2674 de
723 2609 866 2690 utroque
890 2624 1004 2673 rerum
1026 2622 1146 2687 genere
1167 2608 1365 2687 oompeters.
1391 2603 1479 2671 Nam
1502 2604 1563 2670 hoo

368 2729 549 2797 manifesto
570 2728 670 2796 dooet
687 2728 962 2812 Harpocrati0⁴):
984 2728 1056 2794 dari
1074 2730 1129 2801 τὴν
1150 2725 1274 2804 ἐξούλης
1295 2724 1347 2791 καὶ
1368 2723 1435 2805 περ)
1456 2723 1564 2803 ἄνδρα·

370 2849 462 2915 πέδου
475 2896 506 2916 ..
531 2849 584 2914 καὶ
605 2851 721 2922 rande
744 2846 778 2915 οὗ
797 2851 878 2930 φησί
898 2873 945 2922 τος
966 2848 1072 2928 affin}
1092 2856 1244 2926 μετεῖναι,
1257 2852 1292 2915 et
1303 2849 1358 2914 est
1369 2845 1563 2928 exemplum

369 2972 403 3038 in
433 2972 584 3039 emtione
612 2971 777 3039 adversus
808 2972 1030 3039 Zenothemin
1044 2971 1082 3055 ⁸).
1107 2970 1240 3036 Etenim
1266 2967 1488 3035 Zenothemin
1509 2966 1564 3032 ad·

371 3109 490 3161 versus
532 3092 718 3161 Demonem
758 3092 911 3176 persequi
945 3093 1068 3175 pignus
1103 3107 1204 3158 suum
1239 3098 1278 3170 τῇ
1313 3085 1456 3165 ἐξούλης,
1491 3088 1565 3155 ideo

370 3215 583 3297 perspicuum
598 3217 663 3292 est,
678 3214 759 3298 quia
773 3213 878 3281 Demo
893 3213 1020 3281 fatetur
1028 3211 1066 3297 ⁸),
1084 3213 1264 3279 deduxisse
1280 3229 1317 3278 se
1332 3211 1564 3291 Zenothemin,

370 3335 566 3418 praeseribit
594 3339 712 3403 autem
734 3335 899 3401 adversus
920 3334 1010 3401 illius
1033 3334 1197 3411 ιμποροκὺο
1224 3330 1363 3410 ἐξούλης,
1386 3331 1473 3414 quod
1497 3349 1564 3398 non

369 3456 467 3523 detur
487 3455 634 3533 iprensi
655 3459 892 3540 praeterquam
911 3454 1124 3533 coadoratur,
1146 3456 1179 3522 id
1194 3458 1260 3531 est,
1272 3472 1315 3521 ex
1327 3453 1567 3531 contractibus,

370 3576 432 3656 aab,
456 3578 578 3661 inquit,
601 3577 669 3656 περὶ
693 3572 732 3641 du
754 3574 794 3642 iu
816 3573 869 3642 doc
893 3577 1084 3657 συγγραφαί
1097 3581 1136 3656 ⁷).
1161 3575 1254 3658 Quod
1273 3575 1366 3642 addit
1387 3574 1469 3656 ideo,
1488 3574 1568 3656 quia

369 3702 522 3781 potestas
556 3699 709 3766 vocabuli
743 3697 937 3775 συμβόλαιον
974 3699 1062 3782 opud
1095 3697 1240 3764 (iraeoos
1269 3713 1372 3778 quam
1401 3695 1567 3762 latissime

369 3819 564 3887 extenditur
596 3837 705 3903 neque
738 3818 825 3888 solos
856 3822 1051 3889 contractus
1085 3817 1338 3902 comprehendit
1370 3816 1426 3883 sod
1457 3831 1563 3898 paene

406 4082 431 4145 1)
447 4080 502 4145 πρὶν
517 4079 596 4132 niardo
612 4078 731 4131 aierunt
746 4077 783 4138 oie
799 4077 845 4136 τὴν
861 4074 952 4141 ἀρχήν.

405 4165 430 4229 8)
447 4163 520 4215 Dror't
537 4163 611 4229 pn'ed
630 4163 662 4214 de
685 4163 712 4212 Ιι
732 4161 823 4226 νέμοι
846 4157 932 4210 Δολίου.
956 4158 1042 4223 (leot)
1066 4174 1090 4224 p.
1114 4157 1162 4207 100
1179 4156 1247 4222 (poet
1264 4160 1347 4206 notam
1365 4154 1402 4217 8)=
1422 4154 1463 4214 „Io
1476 4167 1561 4218 posses

370 4264 491 4299 ποι...
513 4246 576 4296 rr'eat
592 4246 654 4296 aas
670 4246 694 4295 10
709 4244 776 4295 droit
792 4243 885 4308 altique
900 4241 983 4305 I’odjet
999 4241 1120 4291 d’mu
1133 4239 1269 4304 protectos
1285 4237 1411 4288 semblable
1427 4235 1509 4286 8....
1525 4250 1569 4285 noe

370 4329 464 4380 aerim
472 4327 657 4393 pommirm'
671 4326 710 4377 ct
724 4326 802 4376 Meier
817 4333 842 4376 et
850 4325 1011 4384 Schoeneus,
1020 4324 1064 4373 der
1072 4327 1118 4373 ott.
1128 4323 1228 4372 Proam
1236 4336 1259 4387 p.
1269 4320 1319 4370 498
1328 4319 1434 4385 (Lipsius
1443 4334 1467 4384 p.
1477 4317 1570 4379 titio).

405 4412 430 4474 8)
453 4410 569 4462 Photiodi
592 4409 677 4475 utique
700 4411 734 4475 (p.
760 4408 825 4470 188),
848 4423 877 4457 ex
901 4406 999 4456 diverso
1020 4404 1157 4472 Pappoliae
1180 4407 1213 4468 (p.
1235 4403 1293 4466 888)
1310 4402 1363 4452 sola
1380 4401 1489 4467 praedio,
1505 4400 1570 4465 qood

371 4501 489 4546 ututur
504 4492 551 4543 ἀπ’
568 4489 716 4553 drudam
732 4493 789 4556 γῆς,

404 4579 432 4639 4)
448 4589 473 4629 v.
489 4572 616 4642 Ἧξοόλης.

406 4661 431 4720 t)
447 4657 574 4708 boneta
591 4655 686 4707 xxxn
702 4656 745 4718 (ot.
760 4654 899 4714 'l'bolheim
918 4653 1004 4704 Herm.
1019 4652 1104 4703 xxm
1121 4650 1208 4714 (1888)
1226 4667 1253 4716 p.
1268 4648 1419 4711 soe-210).

407 4742 433 4804 d)
449 4739 492 4791 01.
508 4740 552 4791 eit
568 4740 581 4802 5
599 4738 641 4800 li,
656 4740 669 4802 5
685 4737 726 4788 ab.

407 4821 433 4887 7)
450 4823 493 4873 Or.
510 4822 553 4873 eit.
570 4825 582 4886 5
600 4821 624 4873 1.
