3848 6006
805 833 869 899 201

287 1012 425 1095 legitur
447 1013 482 1081 in
506 1029 608 1080 versu

265 1134 308 1200 34
353 1135 511 1203 Emathio
533 1135 662 1203 oeleum
683 1119 943 1219 duplicabat
965 1135 1091 1203 vertioe
1113 1135 1295 1219 Olympum

376 1256 477 1339 Apud
508 1259 638 1340 poetas,
667 1261 708 1324 ut
732 1256 769 1323 in
793 1271 947 1324 sermone
969 1256 1126 1341 pedestri,
1148 1256 1336 1340 duplicatur
1360 1259 1432 1322 tan·

332 1379 408 1444 tum
438 1395 493 1446 roe
522 1394 592 1449 una
621 1378 815 1461 eademque,
847 1378 942 1446 velut
971 1378 1142 1446 mobilitas
1164 1378 1273 1457 (Luor.
1297 1378 1329 1445 6.
1343 1377 1432 1460 337),

332 1500 472 1567 umbrae
501 1499 584 1585 (lici.
607 1501 640 1567 2.
657 1499 725 1585 67),
750 1499 862 1585 poples
884 1499 1035 1568 eadentis
1058 1498 1158 1584 (Aen.
1186 1501 1238 1565 12.
1253 1498 1328 1566 297.
1341 1498 1432 1583 927),

331 1638 452 1705 eorpus
478 1637 498 1687 e
523 1620 673 1688 vulneris
694 1620 804 1689 dolore
826 1621 985 1707 (11.645.
1009 1623 1104 1691 Orid.
1129 1623 1172 1689 ll.
1197 1625 1229 1689 6.
1243 1621 1341 1707 293);
1365 1637 1432 1687 non

332 1743 522 1828 duplioatur
542 1742 650 1811 altera
671 1760 726 1811 roe
746 1759 833 1826 quae
854 1742 952 1811 alteri
974 1743 1169 1826 imponitur.

265 1866 310 1932 38
354 1864 543 1949 Purpureos
564 1865 656 1933 inter
677 1865 764 1933 soles
786 1868 823 1933 et
844 1865 987 1933 eandida
1008 1865 1136 1932 lunae
1157 1866 1303 1933 sidera

377 1985 517 2054 ovidius
545 1987 651 2055 solem
679 1986 862 2072 appellavit
887 1987 1014 2054 sidus
1037 1987 1080 2054 ll.
1107 1988 1276 2054 128601
1302 1988 1354 2052 14.
1370 1987 1433 2054 172

335 2107 473 2191 enupsit
500 2108 648 2176 sidera
669 2109 797 2192 solie,
822 2109 899 2176 dein
922 2107 1052 2177 Plinius
1075 2108 1116 2175 N.
1130 2109 1173 2175 H.
1198 2111 1229 2175 2.
1242 2109 1283 2174 41
1309 2107 1434 2174 sidus

412 2228 551 2298 lunae.
575 2230 718 2298 Deditne
735 2231 839 2312 igitur
857 2234 957 2314 poeta
975 2232 1037 2298 hoo
1054 2229 1096 2296 de
1113 2247 1176 2296 suo
1194 2247 1239 2297 an
1258 2245 1277 2295 e
1296 2229 1435 2296 Cinna

332 2351 386 2420 vel
412 2351 541 2420 calvo
564 2350 613 2438 ¹)?
635 2351 728 2419 Idem
752 2351 951 2420 vocabulum
972 2351 1154 2419 insolenter
1173 2351 1362 2418 adhibitum
1380 2352 1435 2416 eet

333 2491 367 2540 v.
399 2473 466 2539 432
496 2473 571 2541 Non
600 2472 754 2558 equidem
785 2490 829 2541 ex
859 2474 926 2541 isto
956 2475 1090 2558 speravi
1120 2491 1255 2558 corpore
1286 2471 1434 2558 (Minois)

333 2611 429 2679 posse
452 2594 521 2663 talo
543 2594 671 2663 malum
693 2595 804 2674 nasoi3
830 2596 938 2663 forma
960 2596 1014 2663 vel
1036 2596 1180 2664 sidere
1203 2594 1306 2663 fallor.

378 2717 451 2785 Hoo
480 2716 552 2785 looo
580 2716 705 2785 eidus
727 2717 914 2799 signifiare
937 2716 1072 2785 videtur
1093 2717 1313 2802 splendorem,
1336 2720 1378 2783 ut
1401 2717 1435 2783 in

332 2839 434 2907 Statii
461 2838 544 2905 Silv.
574 2837 606 2903 3.
622 2841 654 2905 4.
671 2840 725 2905 24.
756 2839 957 2924 Heynins
979 2839 1126 2922 explieat
1152 2837 1225 2927 „vel
1248 2838 1358 2922 speeie
1382 2838 1436 2904 vel

333 2959 436 3042 iato”‚
470 2959 530 3027 sed
564 2959 653 3027 idem
689 2960 864 3045 „putidam
898 2959 1108 3028 orationem”
1143 2960 1298 3044 appellat,
1333 2962 1436 3042 atque

333 3097 450 3150 revera
478 3081 604 3148 sidus
633 3098 693 3165 pro
719 3082 790 3148 lato
812 3083 901 3165 apud
925 3085 1043 3165 poetas
1065 3099 1132 3148 non
1155 3083 1271 3150 inveni
1294 3081 1371 3167 nisi,
1396 3084 1437 3148 nt

333 3220 393 3286 per
415 3211 479 3280 eet,
503 3220 582 3271 oum
605 3203 776 3286 epithetis,
798 3203 921 3285 fausto,
945 3204 1038 3290 duro,
1063 3204 1139 3271 sim.

267 3324 373 3392 45111
397 3325 521 3408 quitus
546 3326 621 3393 aevi
649 3326 759 3408 prima
782 3325 1034 3393 rudimenta
1056 3329 1092 3393 et
1115 3327 1242 3409 primos
1261 3327 1436 3408 exegimus

333 3464 472 3515 annos

378 3569 451 3637 Hoo
476 3587 609 3655 quoqne
630 3571 829 3639 voeabulum
853 3572 890 3639 in
912 3573 1014 3657 poesi,
1037 3572 1124 3655 quod
1148 3572 1265 3649 solam,
1288 3572 1436 3654 primum

333 3689 456 3774 legitur
484 3691 520 3759 in
551 3691 655 3759 Statii
683 3692 867 3760 Achilleide
897 3695 925 3759 1.
944 3694 1009 3762 477
1041 3692 1138 3761 ouius
1169 3694 1309 3760 adortus
1334 3694 1437 3761 cruda

334 3812 587 3881 rudimenta
616 3817 652 3881 et
682 3817 817 3881 teneros
846 3814 1068 3881 formavimus
1089 3831 1234 3881 annos.
1259 3815 1438 3897 Quaeritur

334 3936 452 4002 utrum
481 3934 615 4003 Statius
637 3933 728 4002 Oirin
752 3934 908 4002 imitatus
930 3936 987 4019 sit,
1011 3952 1056 4002 an
1079 3953 1158 4002 oum
1181 3935 1282 4002 huius
1300 3939 1437 4003 auctore

336 4058 472 4140 poetam
496 4056 701 4126 nobiliorem.

245 4176 311 4244 232
379 4177 543 4261 Tempore
564 4196 630 4262 quo
651 4179 797 4247 fessae
820 4178 975 4246 mortalia
998 4181 1134 4261 pectora
1156 4195 1283 4246 ouras

380 4298 497 4367 Denuo
520 4299 653 4367 Statius
674 4303 740 4380 eet,
762 4300 853 4383 apud
875 4318 976 4383 quem
994 4300 1144 4368 lessus
1163 4301 1226 4368 hoo
1245 4301 1437 4381 significatu

334 4421 457 4504 legitur
490 4420 527 4488 in
562 4420 644 4487 Silr.
681 4422 712 4489 5.
733 4424 765 4488 4.
787 4424 807 4488 4
838 4425 873 4489 et
908 4422 1073 4489 simulant
1112 4423 1256 4490 fessos
1296 4425 1438 4490 curvata

279 4727 305 4790 l)
320 4725 358 4778 De
373 4726 412 4778 tn
429 4725 550 4794 poematia
566 4725 643 4778 nostri
659 4727 770 4779 fontibus
788 4728 843 4779 ride
860 4728 1019 4790 Sudhaus,
1038 4728 1094 4790 „die
1110 4728 1173 4779 (lirin
1191 4729 1240 4780 und
1258 4728 1302 4779 dar
1319 4728 1439 4779 rdmirolre

244 4809 388 4876 Epulliun''.
403 4809 482 4861 Herm
498 4809 531 4861 42
548 4826 572 4877 p.
588 4811 638 4861 lta
655 4826 708 4877 sqq.
