4136 6134
883 920 928 984 43

313 1101 443 1170 Varum
472 1101 575 1170 nobili
597 1103 690 1170 clade
712 1105 923 1172 affecerunt?
949 1105 1043 1187 Quod
1065 1109 1181 1174 tamen
1203 1107 1282 1190 quis
1304 1107 1504 1174 contendere

311 1225 394 1292 velit
422 1226 481 1308 qui
509 1243 625 1293 secum
655 1230 790 1310 reputet
812 1227 1030 1309 migrationes
1051 1229 1206 1311 gentium
1229 1229 1504 1296 Germanicarum

312 1349 348 1413 et
378 1346 584 1414 colticarum
613 1365 717 1430 quam
739 1348 932 1431 frequentes
953 1367 1122 1432 quamque
1144 1348 1344 1433 longinquae
1366 1350 1503 1417 tuerint.

312 1468 381 1551 Ipsi
410 1469 544 1547 Batavi,
569 1470 764 1536 Chattorum
785 1471 955 1554 mundam
971 1471 1129 1555 populus,
1151 1472 1308 1539 seditione
1329 1472 1505 1538 umnam

308 1591 403 1674 putot
419 1593 605 1658 extremam
624 1591 752 1658 Galliac
762 1609 859 1659 mom
870 1609 1067 1676 occrrpcoore
1078 1596 1168 1659 teste
1180 1593 1295 1659 Tacito
1306 1592 1435 1676 (Germ.
1449 1595 1503 1671 29,

313 1711 390 1778 bist.
414 1712 447 1788 4,
469 1713 522 1790 12,
542 1714 590 1798 6),
608 1713 664 1779 cui
683 1711 879 1780 testimonio
896 1731 918 1780 a
935 1715 1136 1797 quibusdam
1155 1714 1252 1781 bodie
1271 1714 1354 1782 tides
1368 1714 1505 1797 quidem

313 1834 468 1916 denegari
500 1833 586 1902 solet
619 1837 677 1902 sed
709 1836 783 1902 sine
812 1853 926 1903 cansa.
954 1836 1099 1918 Menapii
1122 1835 1275 1904 Caesaris
1297 1836 1505 1919 temporibus

313 1957 438 2040 partim
460 1957 514 2024 vel
538 1961 634 2024 trans
656 1959 813 2024 Rhenum
832 1958 1026 2024 habitantes
1043 1958 1086 2041 (b.
1102 1957 1141 2024 G.
1162 1959 1194 2034 4,
1207 1959 1242 2044 4)
1261 1961 1379 2041 postea
1397 1957 1505 2025 multo

313 2079 422 2160 magis
443 2080 486 2147 ad
510 2079 716 2147 occidentem
739 2097 859 2147 versus
881 2079 978 2146 sedes
996 2097 1076 2146 suas
1095 2080 1231 2147 habent.
1253 2080 1372 2147 Nonne
1388 2080 1505 2147 Frisia-

312 2217 427 2286 vones,
463 2204 504 2268 ut
532 2201 595 2268 boc
624 2218 755 2284 quoque
785 2203 874 2278 utar,
905 2203 994 2268 teste
1024 2199 1132 2268 Plinio
1164 2203 1197 2277 4,
1231 2202 1295 2266 106
1325 2201 1361 2267 in
1385 2201 1506 2268 mediis

313 2324 443 2407 populis
471 2323 614 2404 Belgicis
645 2323 892 2391 inveniuntur?
920 2323 985 2390 Sed
1016 2324 1052 2390 in
1081 2341 1118 2391 re
1148 2323 1329 2390 notissima
1351 2322 1506 2406 exempla

313 2445 483 2513 cumulare
503 2445 585 2530 quid
608 2445 745 2512 attinet.

358 2569 473 2652 Neque
502 2568 565 2635 hoc
594 2566 857 2634 obliviscendum
888 2567 1043 2634 Marsacii
1073 2584 1158 2650 ques
1188 2567 1285 2634 sedes
1316 2567 1360 2634 iis
1385 2567 1506 2633 tribuit

312 2691 442 2758 Plinius
464 2690 598 2758 aniam
616 2689 855 2772 occupaverint
872 2705 960 2755 anno
980 2690 1021 2754 41
1043 2706 1076 2772 p.
1097 2688 1173 2755 chr.
1194 2705 1228 2754 n.
1241 2688 1408 2756 incertum
1420 2707 1505 2756 esse.

312 2813 510 2894 ignoramus
528 2810 617 2877 unde
635 2811 796 2878 notitiam
814 2811 904 2877 situs
922 2810 1199 2878 Germanicarum
1215 2810 1371 2891 gentium
1383 2810 1506 2876 babeat

313 2933 459 3017 Plinius;
480 2933 542 3001 hoc
560 2949 627 2998 non
646 2933 787 2999 dubium
805 2949 848 2999 ex
867 2933 1119 3000 commentariis
1129 2932 1298 3015 Agrippae
1308 2934 1345 2998 et
1356 2931 1507 3012 Augusti

313 3057 345 3123 ei
367 3072 434 3123 non
457 3055 594 3122 venisse
609 3051 642 3138 ¹).
665 3056 742 3137 Ipse
764 3054 800 3120 in
825 3055 1004 3121 Germania
1023 3052 1196 3139 militavit,
1216 3057 1305 3121 teste
1323 3052 1391 3120 illio
1409 3054 1506 3138 adop

313 3177 385 3244 tivo
418 3195 468 3261 ep.
503 3177 535 3259 4,
558 3175 590 3251 5,
611 3177 643 3252 4,
674 3178 715 3242 ut
746 3175 961 3258 probabiliter
990 3175 1136 3243 conicias
1165 3193 1196 3243 a.
1229 3175 1272 3245 47
1305 3194 1337 3258 p.
1369 3176 1446 3242 Obr.
1471 3194 1505 3242 n.

314 3298 499 3365 corbulone
532 3297 615 3365 duce
649 3314 729 3365 eum
762 3297 851 3380 apud
887 3297 1038 3365 Chaucos
1069 3298 1175 3364 tuisse
1204 3315 1350 3381 quorum
1380 3301 1506 3365 terram

313 3420 509 3504 victumque
527 3419 602 3487 fuse
620 3420 796 3503 descripsit
813 3420 860 3503 (t.
873 3439 907 3486 ιι.
930 3420 983 3496 16,
997 3420 1118 3504 2-5);
1138 3423 1256 3503 postea
1272 3437 1363 3487 anno
1375 3420 1507 3487 circiter

315 3543 357 3613 74
388 3545 583 3626 procurator
612 3541 764 3624 Belgicae
787 3542 892 3610 inisse
914 3542 1051 3609 videtur
1073 3542 1164 3627 (bn.
1191 3543 1243 3626 18,
1270 3543 1353 3625 1833
1378 3546 1410 3626 7,
1436 3543 1506 3626 76).

312 3663 358 3732 lit
380 3666 453 3733 ilari
476 3669 588 3749 potest
609 3670 650 3732 ut
669 3665 757 3749 quod
775 3665 816 3732 de
829 3665 965 3732 sedibus
977 3661 1216 3732 Marsaciorum
1229 3665 1334 3732 tradit
1345 3665 1387 3731 de
1397 3665 1505 3748 ipsius

316 3789 454 3853 tantum
475 3788 683 3870 temporibus
706 3785 827 3854 valeat.
850 3786 939 3853 Nam
962 3788 992 3853 si
1015 3786 1272 3868 descriptionem
1296 3786 1505 3870 Germaniae,

314 3910 425 3975 totam
446 3909 476 3975 si
498 3913 643 3991 spectas,
666 3924 710 3976 ex
733 3910 896 3992 scriptore
918 3909 976 3991 qui
998 3911 1079 3975 ante
1099 3925 1229 3975 annum
1252 3905 1292 3973 41
1319 3927 1351 3992 p.
1374 3908 1450 3976 Chr.
1471 3927 1505 3976 n.

315 4031 450 4108 vixerit,
483 4029 590 4098 veluti
621 4047 665 4098 ex
694 4031 830 4098 Aufidio
861 4031 977 4113 Basso,
1008 4029 1207 4113 desumpsit,
1238 4029 1279 4097 de
1306 4047 1368 4097 suo
1390 4033 1507 4098 tamen

314 4153 477 4234 quaedam
507 4153 669 4230 mutavit,
702 4158 743 4220 ut
772 4169 905 4236 semper
935 4153 971 4220 in
1002 4157 1101 4219 vasto
1132 4169 1230 4236 opere
1252 4171 1314 4221 suo
1337 4153 1507 4221 condendo

315 4273 421 4342 iacere
450 4274 588 4343 solebat.
613 4275 677 4360 Sic,
702 4279 743 4343 ut
764 4276 826 4343 hoc
849 4279 938 4354 utar,
960 4275 1089 4342 colonia
1111 4275 1380 4358 Agrippinensis,
1403 4291 1506 4356 quam

315 4401 482 4463 memorat
513 4394 619 4482 5106,
653 4415 684 4464 a.
715 4397 756 4464 bl
785 4415 817 4479 p.
838 4397 913 4463 chr.
934 4415 969 4462 n.
989 4397 1128 4463 demum
1147 4397 1202 4462 ius
1220 4395 1367 4464 coloniae
1385 4395 1508 4478 adepta

316 4521 368 4584 est
402 4520 438 4585 et
472 4518 559 4601 quod
591 4518 726 4586 Treveri
754 4519 849 4587 tiberi
877 4521 976 4586 αιιιειι
1008 4519 1114 4586 tuisse
1140 4518 1298 4585 dicuntur
1328 4516 1446 4604 (ibin),
1472 4518 1506 4584 id

350 4808 377 4873 l)
394 4807 433 4858 cl.
450 4807 481 4858 0.
498 4807 585 4868 Ountr,
605 4807 713 4874 Apim
729 4807 780 4856 und
795 4807 918 4872 Ancum
934 4807 973 4856 atr
992 4805 1265 4873 QuHencthhteller
1280 4805 1324 4856 der
1340 4805 1436 4854 Plinius
1451 4810 1507 4867 cet,

316 4889 397 4942 rant.
414 4892 486 4942 clara.
505 4890 568 4942 Pto.
585 4891 665 4956 emt
683 4889 724 4951 ll,
741 4905 766 4955 p.
784 4889 832 4939 tlt
849 4905 886 4954 sq.
