3848 6006
740 1846 913 1952 Πρόσωπον
941 1848 979 1927 el
1008 1845 1174 1928 Pomona

783 2235 827 2302 H.
853 2233 897 2300 ll.
922 2233 1020 2301 VAN
1043 2233 1137 2301 NES.

409 2707 503 2773 Inter
528 2721 629 2773 voces
650 2721 794 2788 quarum
816 2721 900 2772 usus
922 2704 1045 2786 dignus
1068 2705 1115 2771 sit
1137 2706 1195 2788 qui
1217 2723 1353 2774 summa
1375 2725 1454 2774 cum
1477 2726 1559 2776 cura

363 2828 590 2908 investigetur
612 2825 768 2904 πρόσωπον
793 2829 828 2892 et
847 2843 1030 2910 paeonum
1052 2823 1162 2893 locum
1185 2828 1324 2895 minime
1348 2832 1463 2898 tenere
1486 2829 1561 2898 ulti·

364 2966 463 3016 mum
480 2952 616 3015 constat
634 2946 802 3014 omnibus.
823 2945 937 3029 Neque
954 2945 1081 3012 mirum
1093 2949 1245 3030 estquod
1257 2949 1343 3016 Rud.
1357 2950 1559 3031 Euckeniua

364 3070 523 3139 ienensis
546 3068 771 3153 philosophus,
794 3068 946 3135 omnium
965 3085 1130 3135 consensu
1150 3070 1280 3152 primus
1298 3071 1334 3138 in
1353 3073 1560 3156 explicandis

364 3192 521 3260 terminis
539 3195 574 3258 et
592 3190 788 3258 notionibus
806 3188 932 3258 aetatis
950 3194 1087 3255 nostrae
1105 3189 1425 3271 fundamentalibus,
1442 3212 1560 3279 nuper·

365 3314 452 3382 rime
480 3314 621 3381 libenter
647 3311 753 3380 edidit
775 3309 1066 3391 Trendelenburgii
1090 3314 1276 3379 tractatum
1299 3319 1496 3396 postumum
1519 3318 1561 3385 de

365 3437 498 3503 duobus
527 3435 582 3502 bia
611 3432 793 3512 vocabulis,
824 3431 1022 3499 etiamnunc
1051 3432 1139 3500 lectu
1163 3433 1402 3514 dignissimum
1425 3443 1561 3522 propter

366 3556 596 3626 delectabilem
618 3554 839 3639 expositionis
860 3553 1014 3633 formam,
1038 3553 1117 3622 lieet
1135 3573 1241 3638 paene
1259 3576 1304 3625 xo
1322 3562 1421 3628 annis
1439 3565 1560 3631 abhinc

366 3680 515 3763 scriptus
544 3679 601 3746 sit.
627 3676 733 3744 Multo
756 3673 852 3758 plura
875 3679 992 3742 tamen
1014 3674 1095 3743 data
1117 3680 1200 3743 sunt
1222 3696 1244 3745 a
1267 3678 1390 3763 Siegm.
1415 3681 1561 3754 Scbloss

367 3819 503 3887 manno,
527 3802 586 3883 qui
609 3816 698 3866 anno
721 3815 829 3865 uouvr
849 3796 1049 3879 opusculum
1071 3800 1260 3880 composuit
1279 3800 1320 3867 de
1339 3801 1392 3870 bis
1411 3806 1560 3891 vocibus,

367 3926 403 3993 in
434 3941 500 4008 quo
528 3921 641 3989 nescis
670 3918 749 4004 quid
779 3917 963 4001 plurimum
994 3919 1043 3985 sis
1069 3918 1308 4006 admiraturus,
1339 3925 1560 3996 emditionem

368 4044 599 4131 philologicam
615 4059 661 4110 an
679 4040 854 4108 iuridicam
872 4056 917 4107 an
930 4037 1157 4120 theologicam.
1178 4042 1340 4112 Auctoris
1351 4049 1561 4130 propositum

369 4170 431 4238 boo
448 4171 513 4246 est,
532 4170 573 4234 ut
589 4164 800 4232 demonstret
817 4161 1010 4244 opinionem
1020 4161 1337 4232 iurisconsultorum
1347 4184 1562 4239 communem

368 4291 410 4358 de
440 4306 522 4358 voce
552 4301 713 4371 personae
736 4286 777 4350 ut
798 4282 968 4350 indicante
991 4281 1218 4351 conditionem
1240 4290 1440 4373 statumque
1462 4309 1563 4375 quen·

368 4410 449 4479 dam
476 4427 499 4477 a
526 4406 768 4476 recentioribus
799 4402 1094 4492 „personalitatem
1124 4404 1321 4476 iuridicam'’
1348 4414 1562 4482 nominatum

368 4531 464 4600 omni
492 4528 595 4599 solido
626 4527 848 4596 ibndamento
873 4541 985 4592 carere
1008 4525 1043 4591 in
1066 4524 1226 4594 lontibus.
1258 4529 1445 4601 Incredibili
1468 4535 1563 4619 copia

369 4651 513 4722 contulit
552 4649 707 4735 exempla
747 4649 1017 4730 argumentaque
1050 4647 1103 4714 vir
1137 4648 1258 4719 doctus
1291 4670 1335 4720 ex
1369 4658 1564 4725 auctoribus

368 4777 526 4860 prompta
555 4768 813 4854 divembsimis,
844 4784 987 4853 quorum
1017 4784 1080 4852 ope
1109 4768 1254 4842 fortasse
1284 4775 1565 4860 iurisprudentiae
