3848 6006
527 1753 576 1836 ld
605 1754 692 1837 eat
722 1752 794 1836 tir.
824 1755 859 1836 l„
888 1755 938 1854 ΙΙΙ,
967 1777 1000 1855 p.
1029 1754 1109 1838 392
1125 1754 1240 1854 G-p.
1269 1752 1350 1836 398
1367 1754 1403 1834 Β.

907 1979 1019 2018 mmm

771 2142 802 2210 J.
825 2141 867 2210 G.
892 2143 989 2210 VAN
1011 2141 1162 2210 Pasce.

864 2390 1060 2402 ———

410 2568 619 2651 investigare
649 2568 803 2637 hocloco
826 2567 922 2635 Plato
943 2568 1147 2652 aggreditur,
1170 2566 1337 2650 quodnam
1360 2585 1468 2653 genus
1490 2586 1561 2636 ora·

364 2691 470 2759 tionis
492 2689 642 2774 poeticae
664 2689 881 2773 aptissimum
904 2688 962 2773 sit,
985 2690 1106 2772 quoin
1124 2688 1336 2771 argumentis
1354 2690 1561 2773 exponendis

364 2817 510 2881 utantur
539 2815 668 2896 poetae,
698 2811 722 2878 ii
753 2810 925 2896 nimirum,
949 2811 1008 2893 qui
1029 2810 1072 2878 ad
1095 2810 1271 2878 civitatem
1294 2810 1385 2878 illam
1407 2811 1559 2878 iustitiae

364 2935 500 3018 plenam
532 2932 735 3001 admittendi
768 2933 959 3001 videantur.
994 2932 1033 2998 Iu
1063 2950 1130 3015 qua
1161 2932 1421 3013 investigatione
1451 2931 1561 2999 multa

365 3056 449 3124 mihi
482 3055 594 3124 inesse
625 3053 794 3141 videntur,
824 3071 911 3136 quae
941 3053 1129 3136 legentibus
1159 3055 1354 3122 satisfacere
1377 3056 1560 3137 nequeunt.

365 3176 481 3261 Neque
509 3176 602 3243 enim
633 3193 768 3243 summa
790 3174 1095 3256 argumentationis
1116 3176 1203 3242 eatis
1225 3173 1403 3259 probabilis
1426 3176 1561 3243 videtur

364 3297 494 3380 (minus
527 3297 620 3365 enim
653 3297 697 3365 ad
731 3313 804 3364 rem
839 3296 988 3379 pertinet
1022 3313 1097 3364 meo
1127 3297 1249 3364 iudicio
1279 3301 1316 3364 et
1346 3315 1368 3364 a
1391 3296 1560 3380 proposito

364 3418 511 3506 aberrat)
541 3423 577 3486 et
605 3418 743 3487 omnino
765 3417 961 3502 disputandi
983 3421 1085 3501 atque
1108 3419 1367 3500 argumentandi
1394 3419 1561 3486 rationem

364 3540 590 3609 obscuriorem
620 3554 695 3608 esse
725 3543 828 3623 atque
850 3539 1102 3622 perplexiorem,
1127 3539 1163 3606 in
1186 3556 1254 3622 qua
1274 3556 1373 3620 aegre
1394 3540 1562 3607 desideres

364 3679 442 3730 eam
463 3660 750 3745 perspicuitatem,
770 3677 873 3743 quam
890 3660 925 3727 in
945 3659 1098 3728 Platonis
1115 3660 1402 3742 disputationibus
1413 3659 1562 3742 legendis

363 3785 468 3867 atque
490 3782 739 3851 considerandis
760 3781 919 3849 admirari
941 3783 1099 3849 solemus.
1125 3782 1254 3864 Quibus
1272 3785 1389 3850 autem
1408 3783 1508 3849 rebus
1528 3781 1560 3848 id

364 3904 449 3971 mihi
471 3905 602 3973 iactum
623 3920 700 3973 esse
721 3903 887 3986 videatur,
914 3903 1062 3971 breviter
1084 3903 1246 3970 indicabo.

409 4026 554 4094 Initium
575 4024 739 4093 mamus
758 4040 779 4090 a
798 4023 879 4103 loco,
896 4024 954 4107 qui
965 4024 1053 4092 mira
1063 4025 1210 4106 quadam
1221 4024 1441 4092 ratiocinandi
1452 4024 1562 4092 incon·

364 4149 497 4216 stantia
517 4147 657 4216 laborat.
681 4145 837 4214 Socrates
859 4146 953 4213 enim
977 4146 1083 4213 variis
1104 4146 1190 4213 artis
1212 4147 1361 4230 poeticae
1384 4146 1562 4228 generibus

363 4269 568 4354 comparatis
589 4272 660 4335 tres
682 4266 840 4334 narrandi
859 4266 1010 4335 rationes
1028 4267 1225 4348 distinguit:
1245 4271 1308 4335 aut
1326 4269 1397 4351 ipse
1414 4267 1564 4349 loquitur

364 4395 463 4473 poeta
485 4392 521 4456 et
543 4387 686 4471 simplici
705 4389 898 4456 narratione
916 4389 1045 4472 utitur;
1065 4391 1127 4455 aut
1137 4389 1252 4456 omnia
1263 4405 1323 4472 per
1334 4387 1561 4456 imitationem

363 4510 512 4593 effingit3
534 4511 597 4577 aut
619 4509 806 4577 narrationi
829 4509 971 4593 simplici
992 4508 1219 4577 imitationem
1238 4509 1409 4576 interdum
1430 4509 1562 4576 miscet.

363 4631 492 4699 Deinde
525 4631 738 4700 demonstrat
770 4631 927 4700 custodes
956 4649 978 4699 a
1008 4632 1129 4715 quavis
1160 4632 1349 4699 imitatione
1381 4649 1456 4698 esse
1486 4629 1564 4696 reti·

364 4753 501 4821 nendos
531 4751 694 4820 imitandi
723 4753 816 4820 enim
847 4770 904 4820 ars
931 4753 1026 4820 varia
1047 4756 1102 4821 est
1124 4755 1227 4835 acque
1251 4751 1430 4835 multiplex
1451 4756 1488 4819 et
1510 4769 1562 4836 ea,

1430 4871 1463 4922 ao
