3848 6006
924 828 992 905 948

360 1024 495 1097 nonnisi
524 1027 566 1094 ad
589 1024 752 1108 Positum
775 1022 901 1090 scholia
922 1020 1116 1104 collegimus
1133 1019 1293 1104 quidquid
1316 1018 1472 1087 materiei
1493 1036 1556 1086 un·

358 1151 458 1233 dique
480 1148 588 1231 colligi
609 1163 708 1230 posse
731 1145 877 1213 videtur.

405 1271 613 1353 Scriptorum
636 1268 852 1351 antiquorum
874 1265 1059 1334 editoribus
1080 1282 1156 1334 mos
1177 1268 1283 1332 est-
1299 1283 1408 1349 nequa
1427 1264 1461 1332 id
1480 1265 1558 1333 sine

357 1395 455 1478 justa
485 1408 588 1460 causa
611 1425 654 1439 —
678 1388 782 1456 utin
812 1387 1057 1470 prolegomenis
1085 1388 1257 1471 exponant
1286 1389 1391 1469 atoue
1420 1385 1560 1454 demon-

360 1516 483 1592 strent,
503 1513 625 1596 quibus
643 1509 832 1577 rationibus
850 1509 886 1576 in
905 1525 1004 1591 opere
1022 1507 1250 1592 componendo
1268 1509 1323 1576 nsi
1343 1509 1433 1593 sint;
1446 1509 1560 1593 qualis

359 1638 477 1704 autem
511 1632 730 1716 praefationis
762 1631 931 1698 ambitum
966 1631 1125 1714 quoniam
1158 1630 1338 1698 hodiernus
1366 1630 1439 1698 dies
1471 1631 1561 1698 ferro

361 1757 422 1824 vix
444 1757 568 1840 potest,
591 1755 780 1822 statuimus
802 1770 892 1820 nunc
914 1768 974 1820 eas
997 1755 1137 1820 tantum
1154 1752 1244 1835 leges
1263 1753 1389 1821 Tecum
1408 1770 1563 1823 commu·

362 1879 475 1945 nicare
505 1876 628 1960 quibus
658 1876 694 1942 in
724 1875 778 1942 his
808 1874 943 1942 scholiis
972 1873 1109 1942 montis
1137 1911 1170 1922 -
1200 1892 1281 1942 nam
1311 1874 1390 1942 alibi
1415 1875 1483 1943 alia
1504 1893 1562 1944 ras

363 2001 418 2066 est
442 2034 475 2046 -
500 1997 677 2064 nitendum
705 2013 780 2064 esse
811 1996 907 2063 nobis
939 1997 1169 2080 persuasimus
1193 2012 1317 2078 easque
1339 1994 1441 2063 nullis
1463 2015 1563 2081 argu-

363 2120 492 2188 mentis
515 2117 695 2186 stabilitas.
1111 2125 1114 2130 ·
1484 2149 1487 2152 >

408 2241 496 2308 Sunt
518 2240 620 2321 igitur
640 2240 719 2308 hae:

410 2364 436 2430 Ι.
457 2362 594 2431 codices
611 2361 862 2430 anobiscollati
873 2362 1056 2429 Ravennae
1070 2360 1167 2445 13⁷,4
1180 2362 1213 2429 Α
1225 2362 1282 2447 (=
1294 2363 1338 2450 R)
1352 2362 1389 2448 ¹),
1403 2364 1564 2433 Venetus

366 2485 433 2552 474
462 2491 517 2565 (=
529 2485 585 2568 V),
616 2483 836 2552 Laurentiani
858 2483 961 2560 31,15
985 2487 1040 2562 (=
1054 2483 1093 2570 r)
1115 2487 1218 2567 atque
1243 2483 1308 2552 140
1330 2485 1386 2570 (=
1400 2485 1454 2572 Θ),
1479 2487 1565 2554 Am·

366 2606 542 2674 bresianus
575 2604 603 2670 L
623 2604 667 2672 39
699 2622 774 2687 sup.
797 2609 853 2684 (=
874 2605 932 2687 hl),
968 2605 1156 2673 Vaticanus
1182 2607 1269 2673 1294
1299 2609 1356 2688 (=
1376 2607 1565 2692 1115111-

366 2727 447 2794 ditis
466 2727 510 2794 iis
528 2745 613 2811 quae
631 2744 651 2794 e
669 2726 773 2793 Suida
790 2731 844 2805 (=
857 2725 894 2808 S)
903 2723 930 2808 ¹)
948 2727 1089 2810 aliisque
1100 2726 1359 2812 Lexicographis
1370 2728 1564 2807 hausimus,

365 2849 434 2918 fere
461 2849 575 2917 omnia
596 2850 760 2933 praebent
783 2865 868 2931 quae
890 2867 934 2918 ex
955 2850 1107 2933 antiquis
1128 2850 1249 2918 horum
1272 2868 1436 2919 versuum
1458 2849 1566 2934 expli-

366 2971 556 3038 cationihus
579 2972 773 3052 supersunt

412 3091 455 3158 II.
497 3091 530 3158 A
561 3090 701 3158 Scholiis
732 3090 845 3158 Plenis
874 3086 980 3173 (SR.)
1014 3092 1223 3178 seiungenda
1252 3096 1336 3161 sunt
1369 3096 1406 3161 et
1439 3093 1569 3176 glosse-

367 3215 462 3280 mala
498 3206 579 3292 (til.)
617 3215 653 3278 et
686 3212 838 3280 breviora
867 3213 923 3280 illa
952 3217 1111 3298 excerpta
1140 3232 1226 3299 quae
1256 3214 1388 3284 Scholia
1420 3215 1569 3286 concisa

366 3327 468 3414 (sc.)
490 3332 650 3400 diximus.

413 3455 472 3521 III.
494 3453 624 3521 Codicis
646 3456 678 3520 lt
700 3455 826 3524 scholia
849 3458 1000 3525 maxima
1022 3476 1067 3527 ax
1088 3461 1185 3543 parte
1208 3459 1299 3527 inter
1322 3458 1464 3528 Concisa
1485 3461 1571 3528 raci-

367 3576 490 3660 pienda
519 3579 603 3644 sunt
633 3594 695 3644 nec
725 3578 792 3646 nisi
815 3579 1019 3661 paucissima
1040 3582 1202 3664 praebent
1225 3600 1311 3666 quae
1334 3599 1403 3649 non
1425 3582 1571 3650 meliora

368 3701 472 3781 atoue
494 3698 674 3780 integriora
696 3699 775 3766 alibi
799 3704 881 3768 sunt
903 3704 1049 3770 servata.

415 3819 475 3887 IV.
499 3819 611 3887 (lodex
624 3821 657 3889 V
675 3839 881 3905 quamquam
900 3823 936 3890 in
955 3823 1155 3891 universum
1175 3824 1410 3909 planissimam
1424 3825 1572 3895 exhibet

369 3941 572 4009 scholiorum
602 3941 756 4026 formam,
789 3960 856 4010 non
888 3947 1003 4012 tamem
1039 3962 1080 4012 ea
1108 3949 1163 4013 est
1193 3947 1396 4015 auctoritate
1425 3950 1571 4017 utnon

371 4062 505 4146 saepius
527 4062 661 4132 aliunde
684 4066 929 4147 praestantiora
951 4067 1078 4134 hauriri
1100 4069 1243 4150 possint.

418 4186 460 4253 V.
493 4184 630 4254 Codices
660 4194 684 4251 Γ
708 4190 744 4253 et
767 4195 805 4270 Θ,
837 4188 894 4271 qui
921 4206 999 4255 cum
1022 4189 1055 4257 V
1078 4207 1209 4272 quoque
1231 4189 1398 4258 affinitate
1420 4191 1573 4274 quadam

371 4309 560 4391 cohaerent,
581 4325 625 4375 ex
644 4325 711 4375 uno
731 4308 912 4391 eodemque
931 4310 1025 4377 fonte
1045 4311 1256 4395 prodierunt;
1277 4312 1435 4395 quoniam
1448 4314 1571 4397 tamen

371 4446 480 4511 neque
499 4432 635 4512 propter
653 4432 803 4497 aetatem
824 4448 932 4513 neque
951 4435 1087 4515 propter
1102 4433 1341 4501 auctoritatem
1352 4433 1438 4502 alter
1450 4451 1573 4503 eorum

381 4611 577 4624 ——

407 4717 431 4777 l)
446 4715 563 4766 Codicum
578 4716 641 4782 siglo
657 4716 812 4766 adhibuimus
822 4733 884 4782 quac
894 4719 1020 4784 proposuit
1028 4719 1051 4768 J.
1061 4719 1099 4769 W.
1109 4719 1192 4770 white
1200 4719 1329 4783 (Classical
1339 4720 1469 4788 Philology
1480 4722 1491 4771 l
1501 4721 1573 4785 stt).

407 4798 432 4859 2)
449 4798 563 4849 Editiono
581 4799 619 4849 nsi
637 4816 720 4849 sumus
738 4800 930 4853 Bernhardiuna.
