4144 6154
901 981 968 1048 447

335 1165 499 1246 moenam
520 1167 722 1251 repararia
745 1167 948 1250 oahtwriom
971 1184 1039 1234 noa
1059 1169 1213 1250 meruit,
1237 1165 1421 1247 oohoerertt‚
1445 1163 1531 1232 iodi-

335 1285 440 1353 atauo
461 1290 554 1354 earu.

380 1409 436 1476 Ita
465 1409 610 1478 Hermae
631 1410 849 1479 ambrosiani
871 1409 1050 1480 lectionem
1072 1414 1213 1478 eeoutae
1234 1409 1349 1492 edidit,
1372 1408 1531 1477 Gertaius

335 1531 452 1596 tamen
475 1533 523 1597 ort
546 1531 582 1598 in
604 1534 686 1599 auat
708 1535 842 1600 motato
864 1533 1009 1616 legerat:
1032 1550 1100 1600 noa
1119 1535 1225 1616 pateat
1247 1530 1374 1615 artifex
1397 1532 1531 1597 mutare

334 1653 535 1734 materiam
566 1652 625 1720 hoo
646 1669 755 1736 parea
776 1655 858 1720 eunt
880 1653 938 1738 (ex
958 1643 1004 1738 ὲῖ)
1027 1652 1212 1736 medam:
1235 1651 1395 1737 reparari
1416 1669 1438 1717 a
1458 1651 1531 1734 oui-

335 1771 478 1838 huedom
507 1791 576 1840 aaa
601 1776 755 1858 morunt,
787 1774 970 1859 cohaerent,
997 1773 1176 1842 individuo
1206 1776 1298 1840 eunt.
1328 1773 1392 1840 Sed
1416 1772 1531 1838 aesia

334 1893 470 1977 quidem
492 1892 586 1962 laone
607 1898 751 1962 sanatae
772 1898 836 1980 eet,
861 1895 1022 1962 ultimum
1039 1895 1132 1962 enim
1151 1894 1231 1962 illud
1251 1894 1430 1962 individua
1448 1895 1531 1960 etant

334 2014 500 2084 claudicat
521 2019 557 2083 et
579 2033 684 2099 prave
706 2017 873 2100 ameriam
891 2019 927 2084 et
946 2035 968 2083 a
986 2017 1189 2100 euthicetam
1208 2017 1299 2084 inter
1317 2033 1354 2082 se
1375 2018 1530 2098 sepamta

334 2139 417 2203 sunt
448 2152 556 2220 neque
577 2154 671 2204 nuno
693 2137 832 2221 habent,
855 2137 898 2206 ad
921 2137 1007 2221 quod
1030 2137 1230 2205 reserantur.
1254 2135 1530 2218 'transpositione

334 2257 438 2338 igitur
465 2275 551 2342 opus
577 2262 633 2327 eet
655 2263 692 2328 et
714 2258 912 2341 legendnm:
934 2277 1003 2327 aaa
1024 2261 1129 2343 patret
1150 2257 1280 2340 artifex
1302 2259 1437 2324 maiore
1457 2275 1530 2324 rae

333 2381 474 2455 teriam
491 2379 551 2448 hoo
566 2397 672 2464 pareo
692 2376 895 2466 <individua
912 2374 1040 2464 mom).-
1059 2379 1224 2464 quaedam
1241 2379 1400 2463 reparari
1417 2397 1441 2446 a
1458 2381 1530 2462 oui-

335 2500 478 2568 hieriam
510 2519 579 2569 aaa
609 2505 763 2588 pomam,
798 2501 981 2568 oohoerent.
1016 2502 1089 2584 Qua
1105 2502 1300 2598 *verborum
1330 2499 1530 2568 traiectione

334 2619 436 2689 simul
458 2622 525 2705 ipsi
547 2623 738 2690 sententiae
759 2621 957 2690 oonsulitnr.
981 2623 1069 2690 Nam
1092 2622 1272 2690 lectionem
1293 2622 1455 2690 traditam
1477 2624 1530 2690 tu-

334 2743 432 2809 entae
454 2742 579 2809 miram
600 2742 637 2809 in
659 2743 797 2812 modum
820 2743 982 2812 Seneoem
1004 2743 1234 2811 affirmantem
1253 2741 1406 2828 iacimus,
1427 2759 1472 2810 ex
1489 2757 1529 2809 eo

332 2863 418 2944 qaod
448 2862 555 2931 atomi
585 2864 665 2946 sint,
696 2864 803 2948 sequi,
833 2867 875 2932 ut
903 2865 1010 2932 etiam
1041 2865 1131 2932 inter
1162 2881 1200 2932 ee
1231 2864 1441 2948 eahaereant,
1468 2863 1529 2931 sed

334 2983 375 3049 oi.
400 2983 467 3053 Cio.
491 2984 532 3052 de
554 2985 612 3052 tin.
636 2985 653 3050 1
674 2987 767 3065 §172
803 2984 877 3073 „ille
899 2985 1134 3064 (Democritus)
1155 2988 1288 3054 atomoe
1311 3001 1397 3069 qaas
1419 2984 1529 3068 appel·

334 3103 393 3188 let,
416 3105 450 3172 ia
473 3109 528 3173 eet
549 3123 685 3190 oorpora
707 3107 939 3175 individua
961 3111 1097 3190 propter
1118 3107 1337 3185 soliditatem,
1356 3108 1473 3173 oeneet
1491 3105 1527 3172 in

334 3349 662 3419 cohaerescant.

379 3471 401 3536 6
424 3472 503 3551 57:
536 3470 608 3538 ioteo
637 3489 679 3539 ao
707 3472 862 3540 omaihre
884 3473 985 3540 retra
1007 3490 1095 3556 auae
1116 3491 1185 3540 eeee
1206 3473 1297 3540 vote
1320 3473 1528 3539 aeramnae

333 3593 431 3678 ooiui,
456 3593 544 3661 aihii
564 3593 630 3677 [eoi
649 3593 787 3677 [achiae
805 3612 908 3678 quom
927 3596 1025 3662 mori.
1041 3612 1151 3680 proteo
1168 3596 1321 3662 animam
1334 3595 1399 3662 tooo
1406 3595 1527 3678 poeti:

334 3710 355 3784 †
378 3715 538 3783 trahitur.

380 3837 431 3903 Ex
460 3837 618 3904 omnibns
643 3837 851 3915 coniecturis,
875 3855 961 3921 quae
983 3839 1026 3905 ad
1049 3839 1139 3906 huno
1161 3837 1271 3906 laeum
1292 3839 1482 3906 sanandum
1505 3857 1527 3905 a

334 3958 417 4025 viris
445 3957 555 4026 doctis
584 3959 774 4042 propositae
805 3963 898 4036 eunt,
930 3959 1090 4027 Karsteni
1120 3959 1262 4026 etohitur
1292 3959 1528 4042 protrahitur

335 4081 406 4146 veri
436 4077 607 4146 simillima
636 4081 719 4147 mihi
751 4080 894 4157 videtur,
917 4081 983 4146 nisi
1008 4081 1095 4164 qnod
1118 4081 1319 4164 praepositio
1341 4099 1358 4146 e
1380 4080 1416 4145 in
1440 4097 1526 4148 oom-

335 4201 445 4284 posito
472 4201 562 4268 haud
593 4200 702 4285 pinoet
731 4204 865 4285 propter
893 4201 1130 4268 antecedentia
1154 4219 1264 4285 prono
1285 4201 1438 4268 animam
1461 4201 1526 4266 tooo

329 4325 441 4408 poetri,
471 4323 594 4405 quibus
624 4323 735 4390 verbis
761 4338 829 4389 non
861 4323 954 4390 notio
982 4321 1159 4404 evolantia,
1192 4321 1250 4389 sed
1279 4321 1321 4388 de
1343 4323 1439 4388 stata
1463 4337 1526 4387 sno

334 4423 518 4510 decidentis
539 4442 645 4509 animi
667 4443 847 4526 requiritur
863 4442 897 4527 ¹).
922 4443 1143 4525 Quamobrem
1163 4443 1205 4510 ad
1224 4442 1416 4508 litterarum
1435 4441 1526 4508 simi·

333 4561 512 4632 litndinem
534 4561 671 4647 propius
688 4564 859 4648 aooedene,
879 4580 939 4646 pro
958 4563 1110 4630 trahitur
1127 4562 1269 4630 oonioio:
1288 4561 1378 4628 ultro
1389 4561 1525 4628 labitur.

369 4870 394 4932 l)
415 4868 455 4922 Oi.
471 4867 522 4920 ὗε.
539 4865 612 4918 rme.
629 4865 664 4915 1v
681 4865 749 4930 §422
778 4865 852 4932 „qnia
869 4871 927 4918 root
944 4869 986 4932 (oo.
1006 4865 1077 4928 vitia)
1094 4865 1119 4917 in
1137 4863 1265 4917 lubrieo
1282 4861 1433 4930 incitataque
1449 4859 1525 4912 aaa

335 4951 438 5019 procliui
453 4950 610 5000 labantur
624 4947 788 5015 restituique
804 4948 874 4999 nulla
891 4949 964 5000 noto
981 4955 1091 5016 putant
