4144 6154
894 894 957 961 441

333 1075 511 1146 vincamus
539 1077 717 1145 Octaviam
746 1094 814 1144 non
843 1079 921 1144 cmc
943 1076 1002 1144 sed
1020 1079 1097 1161 poet
1121 1075 1272 1144 lbcttum
1289 1091 1364 1144 esse
1384 1075 1524 1142 editam.

376 1197 469 1266 Anu.
501 1198 596 1284 XIV,
627 1199 670 1266 61
703 1197 859 1280 legimus:
897 1197 971 1286 ,his
995 1199 1158 1289 <vocibus
1187 1197 1384 1281 supervenit
1414 1196 1525 1263 inania

331 1317 469 1408 rumor>
494 1326 657 1405 tanquam
679 1322 767 1390 Nero
789 1321 996 1406 paenitentia
1019 1322 1137 1404 flagitii
1160 1321 1336 1403 coniugem
1359 1320 1526 1388 revocarit

332 1444 517 1513 Oemvmm
529 1443 630 1510 Exim
640 1442 933 1526 beticapitolium
945 1443 1113 1511 scandunt
1120 1443 1286 1522 (Romani)
1293 1443 1439 1525 deosque
1451 1445 1524 1508 tau·

333 1565 409 1632 dem
429 1567 644 1633 venerantur.
664 1563 799 1645 Effigies
819 1563 990 1648 Poppaeae
1002 1567 1176 1648 proruunt,
1189 1565 1348 1632 Octavim
1358 1563 1525 1645 imagines

332 1689 471 1768 gestant
489 1687 626 1764 umeris,
647 1691 812 1771 spargunt
831 1686 968 1754 tloribus
987 1686 1122 1770 foroque
1139 1704 1179 1754 ao
1199 1687 1334 1769 templis
1353 1688 1524 1753 statuunt.

332 1808 413 1874 Itur
442 1810 542 1874 ettam
561 1809 598 1874 io
617 1808 790 1892 praeopta
811 1809 927 1875 burdes
949 1811 1093 1892 strepitu
1114 1810 1370 1890 amauritium
1391 1807 1525 1890 iamque

332 1932 368 1996 et
388 1927 552 1996 Palatium
574 1927 791 1996 multitudine
809 1934 846 1998 et
863 1930 1064 1998 clamoribus
1082 1929 1304 2013 complebant,
1319 1945 1397 1995 oum
1409 1928 1525 1996 emissi

334 2049 482 2117 militum
511 2049 599 2131 globi
629 2051 823 2118 verberibus
853 2053 889 2117 et
918 2051 1052 2118 intento
1081 2051 1168 2118 ferro
1191 2051 1344 2118 turbatos
1366 2049 1525 2117 disiecere

333 2176 369 2238 et
398 2171 571 2254 Poppaeae
599 2172 706 2239 bonos
736 2171 904 2254 repositus
933 2175 998 2240 est.
1023 2172 1114 2255 Quae
1140 2188 1274 2256 semper
1295 2171 1368 2238 odio
1391 2173 1467 2237 tum
1489 2174 1526 2237 et

334 2297 429 2360 metu
459 2296 557 2359 atrox
580 2292 756 2376 provoluta
778 2294 921 2374 genibus
942 2291 1176 2360 Neronis...”
1197 2292 1393 2375 Sequuntur
1413 2307 1525 2374 quere-

333 2413 400 2497 lee;
425 2416 501 2481 tum
519 2417 561 2481 ut
581 2413 748 2481 Neronem
766 2416 808 2482 ad
829 2413 1014 2482 vindictam
1024 2413 1144 2482 incitet
1153 2413 1248 2481 addit
1259 2413 1379 2481 mulier
1388 2412 1524 2480 callida:

336 2534 467 2620 ,Arma
485 2535 544 2603 tua
561 2535 726 2602 cdoerm
735 2537 923 2620 pompam
934 2539 1087 2620 camptu,
1100 2535 1221 2604 ducem
1232 2533 1526 2602 tantumdeluisse

333 2654 391 2738 qui
413 2655 517 2723 motis
540 2656 641 2723 rebus
663 2655 760 2725 faede
782 2653 1016 2740 reperiretur”.

378 2776 598 2859 Impudenter
624 2777 788 2845 mentitur
810 2777 964 2861 Poppaea
985 2777 1164 2860 perhibens
1181 2777 1317 2863 poton
1342 2794 1427 2860 quoe
1448 2795 1527 2844 nem

333 2899 476 2981 strepitu
494 2900 729 2966 maruntium
746 2899 853 2966 iverct
868 2900 906 2966 in
914 2899 1084 2984 principat
1095 2899 1221 2982 boda,
1232 2900 1418 2984 compulsae
1428 2917 1527 2968 annu

333 3018 496 3086 advenae
512 3020 713 3104 merebam.
733 3020 900 3102 Intellegit
918 3023 1036 3088 autem
1054 3020 1191 3106 tyranni
1210 3021 1363 3088 animum
1382 3021 1430 3089 sic
1441 3021 1528 3088 sacil-

333 3139 412 3205 lime
442 3139 484 3206 ad
507 3141 672 3209 vindicias
694 3145 853 3209 cruentas
874 3141 1025 3226 compelli
1049 3159 1158 3225 posse.
1182 3140 1267 3224 Quid
1290 3141 1394 3225 igitur
1418 3142 1527 3223 magis

334 3266 599 3330 consentaneum
618 3280 721 3347 quam
739 3263 906 3331 Neronem
927 3261 1076 3330 mulieris
1087 3263 1199 3331 verbis
1211 3263 1402 3340 credidisse,
1413 3263 1527 3330 ammo

334 3399 374 3449 ee
408 3385 606 3468 concepisse,
642 3402 745 3451 usum
778 3385 829 3452 eis
858 3401 934 3452 esse
963 3387 1005 3452 ut
1035 3384 1221 3452 vindictam
1252 3385 1398 3468 iussam,
1429 3383 1527 3466 quasi

335 3505 571 3583 necessariam,
599 3523 620 3572 a
646 3505 787 3573 crimine
810 3507 989 3575 aaemtatis
1011 3505 1229 3573 detenderet?
1260 3505 1351 3588 Quae
1373 3505 1528 3588 Poppaea

334 3625 365 3692 ei
395 3626 548 3708 subiecit,
580 3643 640 3710 pro
671 3627 743 3695 suls
772 3629 942 3712 tyrannus
969 3626 1131 3711 proferes
1163 3644 1243 3694 num
1273 3624 1385 3693 nullus
1414 3625 1456 3694 de
1477 3627 1528 3693 eis

334 3746 479 3814 dubitat.
504 3748 593 3815 Hinc
616 3749 858 3830 intelleguntur
879 3764 964 3830 quae
987 3749 1022 3816 in
1041 3749 1221 3831 praetexta
1238 3747 1327 3815 Nero
1347 3748 1528 3831 respondet

334 3867 500 3949 praelecto
523 3870 698 3936 nuntianti
719 3871 821 3937 duces
845 3873 960 3937 motus
982 3869 1157 3937 cecidisse:

424 3990 505 4073 Quid
531 3990 586 4056 illa
611 3993 709 4058 turba
728 3994 837 4075 petere
859 4009 944 4074 quac
967 3991 1116 4072 flammate
1138 4007 1227 4057 meos

422 4129 511 4178 auco
532 4115 580 4178 ecl
596 4115 743 4197 pennice,
769 4113 910 4195 principi
932 4112 1038 4193 legem
1061 4112 1163 4178 dare?
1186 4112 1252 4196 (vs.
1276 4113 1434 4194 850sq.);

333 4231 421 4316 hinc,
445 4233 533 4315 quod
556 4233 739 4315 proclamat
759 4234 902 4300 nuntius
921 4236 1019 4300 lucau
1031 4233 1172 4315 tyranni
1183 4231 1309 4299 milites
1319 4249 1525 4301 convocans:

423 4355 533 4438 sepire
554 4355 705 4432 flammis
722 4357 894 4439 princeps
915 4355 1024 4420 cedem
1043 4355 1185 4438 parcnt.

381 4475 542 4557 Uterque,
576 4479 649 4542 tam
675 4475 763 4541 Nero
785 4492 887 4558 quam
910 4475 1061 4559 nuntius,
1086 4473 1246 4557 exprimit
1265 4491 1351 4556 quae
1374 4473 1528 4558 Poppaea

335 4615 416 4665 vera
449 4598 485 4664 iu
519 4598 685 4664 deteriora
714 4598 917 4680 detorquens
951 4595 1146 4678 imperatori
1182 4596 1423 4662 insusurraret.
1462 4595 1527 4664 Sed

334 4718 422 4800 apud
457 4719 623 4800 tragicum
654 4736 721 4786 uon
751 4718 916 4802 audimus,
948 4719 1039 4785 unde
1068 4718 1156 4785 Nero
1179 4716 1528 4796 machabaeum

335 4839 523 4922 Poppaeam
547 4856 627 4907 cum
645 4839 775 4908 Nerone
795 4841 1037 4922 colloquentem
1057 4841 1093 4907 iu
1112 4856 1249 4908 scenam
1269 4857 1337 4908 uon
1357 4840 1527 4923 produxit.
