4144 6154
1106 942 1173 1012 410

543 1125 580 1194 Si
611 1127 756 1195 dixisset
787 1133 904 1198 noster
936 1147 973 1200 se
1006 1131 1089 1198 nihil
1124 1131 1296 1214 rogavisse
1329 1135 1561 1216 quapropter
1593 1128 1734 1208 γραφὴ

543 1248 788 1328 παρανόμων
806 1251 871 1318 sihi
890 1251 1021 1318 intendi
1039 1256 1164 1337 posset,
1183 1256 1274 1319 reete
1292 1269 1372 1320 eum
1385 1253 1593 1335 vituperaret
1605 1249 1735 1332 Belooh‚

542 1387 623 1438 litim
646 1377 788 1454 γραφῇ
812 1372 1055 1451 παρανόμων
1074 1373 1238 1448 obnoxius
1256 1389 1332 1440 esse
1350 1375 1468 1458 nequit
1489 1373 1529 1458 it,
1548 1373 1607 1455 qui
1625 1370 1737 1455 populi

543 1492 668 1559 soitum
699 1492 765 1561 fert
787 1494 888 1576 priori
910 1495 1009 1562 aiioui
1033 1493 1146 1578 populi
1168 1495 1254 1564 seito
1276 1495 1493 1562 eontrarium.
1519 1493 1584 1560 Sed
1605 1491 1737 1571 παράνο-

543 1636 601 1691 μον
631 1612 713 1680 oeta
744 1612 873 1696 ἔγραψα
905 1617 966 1696 ait,
989 1619 1078 1700 quod
1099 1617 1183 1684 nihil
1206 1620 1303 1685 vetat
1326 1617 1375 1685 sio
1397 1615 1628 1700 interpretari:
1652 1614 1737 1681 nihil

542 1737 658 1819 rogavi
680 1738 768 1820 quod
792 1738 982 1820 lemtimum
1004 1755 1072 1806 non
1095 1741 1189 1806 esset
1210 1738 1275 1806 ie.
1299 1739 1382 1805 nihil
1405 1738 1532 1806 iniuste
1555 1738 1617 1805 feei
1632 1735 1664 1816 ι).

588 1858 835 1940 Redarguimus
857 1876 908 1936 ee,
930 1859 1054 1943 quihus
1076 1860 1196 1927 Belooh
1220 1860 1395 1958 ostendere
1413 1859 1530 1927 studet
1547 1858 1737 1926 orationem

543 1983 697 2047 nostram
732 1982 883 2064 spuriam
916 1999 1001 2056 eme,
1034 1981 1092 2049 sed
1123 1982 1267 2050 forsitan
1296 1984 1373 2065 quis
1404 1985 1577 2064 praeterea
1605 1980 1735 2063 afferat,

543 2101 633 2185 apud
673 2101 892 2170 Plutarchum
935 2103 1045 2187 (Dsm.
1088 2103 1140 2189 9),
1183 2103 1427 2171 Philostratum
1460 2102 1548 2186 (vita
1581 2099 1735 2185 Apollon.

545 2227 576 2293 7.
598 2223 652 2309 37,
692 2224 766 2291 vita
807 2223 957 2307 Sophoel.
990 2227 1020 2291 l.
1041 2226 1126 2305 482,
1168 2225 1306 2293 Enoom.
1341 2224 1436 2292 Dem.
1472 2223 1530 2308 32)
1564 2226 1738 2291 auctorem

544 2345 604 2429 hp.
635 2345 731 2413 Dem.
762 2345 818 2431 (ΙΙ.
844 2346 900 2432 10)
932 2348 1074 2417 totidem
1107 2349 1219 2416 verbis
1248 2347 1314 2430 legi
1342 2347 1605 2415 Demosthenem
1627 2345 1737 2412 solum

543 2467 755 2550 reapondisse
777 2467 974 2555 Pythoni'),
997 2487 1074 2537 oum
1099 2469 1215 2539 eadem
1238 2486 1274 2537 re
1296 2470 1428 2551 gloriari
1450 2470 1605 2536 videatur
1619 2469 1738 2535 auotor

544 2589 707 2656 orationis
734 2593 873 2658 nostres
902 2590 984 2672 (24).
1014 2591 1065 2658 At
1094 2608 1213 2659 revera
1241 2589 1295 2658 his
1326 2607 1394 2658 non
1425 2590 1508 2657 dieit
1537 2606 1575 2655 se
1604 2603 1739 2669 respon·

543 2710 636 2778 diam
677 2710 842 2797 Pythoni,
881 2712 940 2779 sed
981 2715 1120 2781 tantum
1161 2713 1225 2780 hoo
1265 2713 1427 2797 perhibet,
1462 2727 1541 2780 eum
1576 2714 1666 2778 reete
1700 2728 1739 2779 se

544 2830 650 2900 iudioe
672 2831 785 2918 Pytho
807 2834 1074 2902 demonstrasset
1098 2851 1165 2902 non
1188 2834 1372 2903 audiendos
1394 2851 1469 2902 esee
1491 2849 1560 2910 eos,
1582 2833 1641 2916 qui
1663 2831 1740 2900 Phi-

543 2951 633 3038 lippo
662 2955 908 3035 maledicerent,
939 2973 1047 3040 neque
1077 2961 1192 3024 tamen
1215 2957 1425 3039 rogationem
1446 2957 1573 3023 ferrent
1594 2955 1636 3022 de
1657 2971 1741 3039 paee

544 3075 761 3155 emendanda,
780 3077 879 3145 ouius
896 3077 944 3144 rei
963 3078 1160 3146 facultatem
1180 3095 1239 3145 rex
1258 3079 1383 3147 faceret
1402 3078 1472 3160 (22,
1486 3077 1543 3159 23)
1561 3095 1599 3145 se
1617 3075 1740 3145 tulisse

544 3198 627 3278 (24).
657 3197 835 3267 Praeterea
863 3203 981 3268 autem
1011 3202 1196 3269 tenendum
1227 3206 1282 3270 est
1311 3201 1533 3269 Plutarchum
1563 3203 1740 3268 oeterose

544 3318 635 3386 nullo
657 3319 721 3388 alio
743 3320 897 3390 hausisse
919 3323 1013 3391 fonte
1035 3321 1102 3390 nisi
1125 3322 1363 3390 Demosthenis
1385 3322 1497 3389 verbis
1516 3320 1739 3387 memorantis

544 3440 598 3520 (de
620 3457 685 3508 ror.
713 3442 790 3524 136)
819 3459 858 3511 se
878 3443 1071 3511 oblocutum
1093 3460 1168 3512 esse
1191 3443 1348 3528 Pythoni‚
1374 3443 1499 3511 iniuria
1520 3447 1636 3510 umen
1658 3441 1740 3508 inde

543 3559 631 3629 efflei
653 3561 915 3633 Demosthenem
937 3565 1045 3633 nolum
1068 3565 1101 3632 id
1124 3566 1243 3648 egisse.

591 3683 750 3752 Vidimus
772 3687 910 3753 tantum
933 3703 1001 3754 non
1024 3688 1227 3755 nominatim
1248 3686 1449 3755 oontendere
1471 3689 1645 3755 auotorem
1668 3702 1741 3753 ora-

544 3805 647 3873 tionis
669 3809 814 3892 nostrae,
839 3825 876 3876 se
899 3808 1128 3892 Hegeeippum
1151 3825 1244 3894 esse;
1268 3809 1418 3876 vidimus
1440 3809 1577 3876 omnino
1599 3807 1682 3874 nihil
1700 3808 1739 3874 in

544 3927 607 3995 hae
629 3928 765 4011 reperiri
787 3947 847 3996 our
869 3931 900 3998 ei
923 3930 1024 3998 fidem
1046 3930 1260 4012 denegemus.
1284 3931 1417 3999 Addere
1438 3931 1516 3998 licat
1538 3946 1646 4014 pauca
1667 3930 1742 4012 qui·

544 4050 609 4117 bus
639 4049 723 4117 fides
752 4055 917 4132 augeatur
945 4057 982 4120 et
1011 4053 1237 4122 confirmetur.
1268 4053 1312 4120 Dt
1342 4053 1490 4136 primunr
1521 4050 1656 4135 quidem
1687 4050 1742 4118 ita

544 4171 671 4238 indicat
694 4173 802 4255 magis
824 4191 927 4256 quam
949 4174 1100 4242 ostendit
1118 4173 1249 4257 singula
1266 4174 1309 4240 ad
1327 4190 1413 4257 quae
1431 4189 1495 4240 sua
1514 4172 1605 4239 diota
1621 4170 1740 4250 refert,

544 4296 682 4361 utnon
714 4293 782 4360 nisi
811 4294 959 4362 strictim
988 4299 1025 4362 et
1052 4295 1150 4378 quasi
1180 4313 1239 4378 per
1269 4299 1489 4362 transennam
1521 4292 1575 4360 illa
1601 4293 1742 4376 aspicia·

545 4433 634 4499 mns,
657 4415 744 4498 quod
763 4415 872 4497 magis
890 4416 1006 4483 eadere
1025 4417 1108 4483 mihi
1128 4415 1263 4485 videtur
1282 4417 1317 4483 in
1336 4421 1501 4484 oratorem
1520 4433 1560 4483 ea
1578 4418 1742 4497 agentem

544 4553 631 4620 quae
661 4535 697 4602 in
727 4536 880 4604 omnium
909 4553 966 4605 ore
995 4538 1077 4616 sint,
1107 4555 1210 4620 quam
1240 4538 1276 4604 in
1307 4537 1474 4605 rhetorem
1497 4539 1744 4618 argumentum

579 4768 604 4831 l)
621 4766 659 4818 ct
671 4767 731 4818 Xan.
744 4765 811 4819 fleti.
825 4764 876 4817 111.
889 4768 937 4817 at
951 4763 983 4824 ete
999 4761 1131 4828 παράνομα
1141 4763 1222 4822 ποιοίη
1231 4760 1375 4827 Λύσανδρος
1383 4763 1429 4822 τῆς
1438 4761 1568 4825 eanum
1576 4759 1744 4826 manen

544 4847 698 5001 ’Quod
714 4931 778 4983 vidit
793 4931 890 4984 Sahaef.
907 4930 955 4984 tto
973 4929 999 4982 in
1015 4947 1073 4982 ann.
1091 4930 1105 4981 1
1122 4930 1170 4984 af.
