<?xml version="1.0" encoding="UTF-8"?>
<!DOCTYPE html PUBLIC "-//W3C//DTD XHTML 1.0 Transitional//EN"
    "http://www.w3.org/TR/xhtml1/DTD/xhtml1-transitional.dtd">
<html xmlns="http://www.w3.org/1999/xhtml" xml:lang="en" lang="en">
 <head>
  <title>
</title>
<meta http-equiv="Content-Type" content="text/html;charset=utf-8" />
  <meta name='ocr-system' content='tesseract 3.04.00' />
  <meta name='ocr-capabilities' content='ocr_page ocr_carea ocr_par ocr_line ocrx_word'/>
</head>
<body>
  <div class='ocr_page' id='page_1' title='image "./sertumnabericum00nabegoog_0448.png"; bbox 0 0 3848 6006; ppageno 0'>
   <div class='ocr_carea' id='block_1_1' title="bbox 926 782 992 850">
    <p class='ocr_par' dir='ltr' id='par_1_1' title="bbox 926 782 992 850">
     <span class='ocr_line' id='line_1_1' title="bbox 926 782 992 850; baseline 0.045 -3"><span class='ocrx_word' id='word_1_1' title='bbox 926 782 992 850; x_wconf 80' lang='lat'>442</span> 
     </span>
    </p>
   </div>
   <div class='ocr_carea' id='block_1_2' title="bbox 363 963 1557 1177">
    <p class='ocr_par' dir='ltr' id='par_1_2' title="bbox 363 963 1557 1177">
     <span class='ocr_line' id='line_1_2' title="bbox 363 963 1552 1054; baseline 0.002 -23"><span class='ocrx_word' id='word_1_2' title='bbox 363 963 402 1031; x_wconf 88' lang='lat' dir='ltr'>Id</span> <span class='ocrx_word' id='word_1_3' title='bbox 425 964 504 1032; x_wconf 86' lang='lat' dir='ltr'>iecit</span> <span class='ocrx_word' id='word_1_4' title='bbox 526 966 680 1050; x_wconf 63' lang='lat' dir='ltr'>Tacitum</span> <span class='ocrx_word' id='word_1_5' title='bbox 703 986 769 1052; x_wconf 89' lang='lat' dir='ltr'>quo</span> <span class='ocrx_word' id='word_1_6' title='bbox 792 971 881 1038; x_wconf 87' lang='lat' dir='ltr'>facto</span> <span class='ocrx_word' id='word_1_7' title='bbox 904 970 1119 1054; x_wconf 85' lang='lat' dir='ltr'>praeparavit</span> <span class='ocrx_word' id='word_1_8' title='bbox 1145 1006 1174 1018; x_wconf 91' lang='lat'>-</span> <span class='ocrx_word' id='word_1_9' title='bbox 1202 971 1241 1036; x_wconf 87' lang='lat' dir='ltr'>ut</span> <span class='ocrx_word' id='word_1_10' title='bbox 1265 968 1315 1036; x_wconf 91' lang='lat' dir='ltr'>ita</span> <span class='ocrx_word' id='word_1_11' title='bbox 1337 967 1492 1035; x_wconf 84' lang='lat' dir='ltr'>dicamus</span> <span class='ocrx_word' id='word_1_12' title='bbox 1519 1001 1552 1012; x_wconf 82' lang='lat'>-</span> 
     </span>
     <span class='ocr_line' id='line_1_3' title="bbox 365 1084 1557 1177; baseline 0.002 -27"><span class='ocrx_word' id='word_1_13' title='bbox 365 1084 507 1153; x_wconf 85' lang='lat' dir='ltr'>Neronia</span> <span class='ocrx_word' id='word_1_14' title='bbox 537 1103 615 1155; x_wconf 91' lang='lat' dir='ltr'>cum</span> <span class='ocrx_word' id='word_1_15' title='bbox 646 1089 806 1173; x_wconf 82' lang='lat' dir='ltr'>Tigellino</span> <span class='ocrx_word' id='word_1_16' title='bbox 828 1091 1036 1177; x_wconf 79' lang='lat' dir='ltr'><strong>colloquium,</strong></span> <span class='ocrx_word' id='word_1_17' title='bbox 1061 1090 1159 1175; x_wconf 88' lang='lat' dir='ltr'>quale</span> <span class='ocrx_word' id='word_1_18' title='bbox 1181 1091 1324 1172; x_wconf 87' lang='lat' dir='ltr'>legimus</span> <span class='ocrx_word' id='word_1_19' title='bbox 1345 1089 1381 1156; x_wconf 93' lang='lat' dir='ltr'>in</span> <span class='ocrx_word' id='word_1_20' title='bbox 1405 1086 1557 1156; x_wconf 83' lang='lat' dir='ltr'>Octavia</span> 
     </span>
    </p>
   </div>
   <div class='ocr_carea' id='block_1_3' title="bbox 361 1208 1559 2748">
    <p class='ocr_par' dir='ltr' id='par_1_3' title="bbox 362 1208 1559 2139">
     <span class='ocr_line' id='line_1_4' title="bbox 365 1208 1559 1295; baseline 0 -21"><span class='ocrx_word' id='word_1_21' title='bbox 365 1208 526 1291; x_wconf 81' lang='lat' dir='ltr'>rragioua</span> <span class='ocrx_word' id='word_1_22' title='bbox 553 1213 671 1277; x_wconf 85' lang='lat' dir='ltr'>autem</span> <span class='ocrx_word' id='word_1_23' title='bbox 700 1211 820 1279; x_wconf 85' lang='lat' dir='ltr'>dextre</span> <span class='ocrx_word' id='word_1_24' title='bbox 851 1229 934 1280; x_wconf 87' lang='lat' dir='ltr'>naus</span> <span class='ocrx_word' id='word_1_25' title='bbox 965 1216 1020 1280; x_wconf 85' lang='lat' dir='ltr'>eet</span> <span class='ocrx_word' id='word_1_26' title='bbox 1049 1212 1103 1295; x_wconf 88' lang='lat' dir='ltr'>iis,</span> <span class='ocrx_word' id='word_1_27' title='bbox 1125 1227 1211 1295; x_wconf 89' lang='lat' dir='ltr'>quae</span> <span class='ocrx_word' id='word_1_28' title='bbox 1233 1210 1372 1278; x_wconf 77' lang='lat' dir='ltr'><strong>Tacitus</strong></span> <span class='ocrx_word' id='word_1_29' title='bbox 1394 1209 1444 1275; x_wconf 87' lang='lat' dir='ltr'>sic</span> <span class='ocrx_word' id='word_1_30' title='bbox 1466 1225 1559 1291; x_wconf 81' lang='lat' dir='ltr'>prae</span> 
     </span>
     <span class='ocr_line' id='line_1_5' title="bbox 364 1329 1558 1418; baseline -0.003 -21"><span class='ocrx_word' id='word_1_31' title='bbox 364 1333 510 1412; x_wconf 83' lang='lat' dir='ltr'>pararat.</span> <span class='ocrx_word' id='word_1_32' title='bbox 542 1330 610 1398; x_wconf 84' lang='lat' dir='ltr'>Cur</span> <span class='ocrx_word' id='word_1_33' title='bbox 635 1348 716 1400; x_wconf 88' lang='lat' dir='ltr'>vero</span> <span class='ocrx_word' id='word_1_34' title='bbox 739 1333 886 1415; x_wconf 83' lang='lat' dir='ltr'>tragicus</span> <span class='ocrx_word' id='word_1_35' title='bbox 909 1334 1096 1418; x_wconf 78' lang='lat' dir='ltr'><strong>Poppaeam</strong></span> <span class='ocrx_word' id='word_1_36' title='bbox 1119 1348 1197 1399; x_wconf 91' lang='lat' dir='ltr'>cum</span> <span class='ocrx_word' id='word_1_37' title='bbox 1221 1331 1352 1400; x_wconf 83' lang='lat' dir='ltr'>Nerone</span> <span class='ocrx_word' id='word_1_38' title='bbox 1374 1329 1558 1412; x_wconf 90' lang='lat' dir='ltr'>colloquen-</span> 
     </span>
     <span class='ocr_line' id='line_1_6' title="bbox 364 1452 1558 1538; baseline 0.001 -21"><span class='ocrx_word' id='word_1_39' title='bbox 364 1454 435 1518; x_wconf 83' lang='lat' dir='ltr'>tcm</span> <span class='ocrx_word' id='word_1_40' title='bbox 465 1452 500 1518; x_wconf 93' lang='lat' dir='ltr'>in</span> <span class='ocrx_word' id='word_1_41' title='bbox 531 1469 668 1520; x_wconf 82' lang='lat' dir='ltr'>scenam</span> <span class='ocrx_word' id='word_1_42' title='bbox 698 1471 765 1521; x_wconf 93' lang='lat' dir='ltr'>non</span> <span class='ocrx_word' id='word_1_43' title='bbox 797 1455 1013 1522; x_wconf 76' lang='lat' dir='ltr'>introduxit?</span> <span class='ocrx_word' id='word_1_44' title='bbox 1046 1454 1175 1538; x_wconf 85' lang='lat' dir='ltr'>Nempe</span> <span class='ocrx_word' id='word_1_45' title='bbox 1205 1457 1246 1521; x_wconf 85' lang='lat' dir='ltr'>ut</span> <span class='ocrx_word' id='word_1_46' title='bbox 1269 1452 1422 1520; x_wconf 86' lang='lat' dir='ltr'>mulieris</span> <span class='ocrx_word' id='word_1_47' title='bbox 1445 1453 1558 1519; x_wconf 84' lang='lat' dir='ltr'>famae</span> 
     </span>
     <span class='ocr_line' id='line_1_7' title="bbox 363 1574 1557 1659; baseline 0.002 -20"><span class='ocrx_word' id='word_1_48' title='bbox 363 1589 504 1655; x_wconf 80' lang='lat' dir='ltr'>parcens</span> <span class='ocrx_word' id='word_1_49' title='bbox 534 1576 723 1657; x_wconf 89' lang='lat' dir='ltr'>tyrannum</span> <span class='ocrx_word' id='word_1_50' title='bbox 752 1576 846 1642; x_wconf 92' lang='lat' dir='ltr'>omni</span> <span class='ocrx_word' id='word_1_51' title='bbox 877 1576 995 1659; x_wconf 87' lang='lat' dir='ltr'>probro</span> <span class='ocrx_word' id='word_1_52' title='bbox 1025 1575 1212 1643; x_wconf 75' lang='lat' dir='ltr'>denotaret</span> <span class='ocrx_word' id='word_1_53' title='bbox 1244 1576 1353 1658; x_wconf 80' lang='lat' dir='ltr'>Quare</span> <span class='ocrx_word' id='word_1_54' title='bbox 1376 1575 1435 1659; x_wconf 90' lang='lat' dir='ltr'>qni</span> <span class='ocrx_word' id='word_1_55' title='bbox 1458 1574 1557 1641; x_wconf 91' lang='lat' dir='ltr'>modo</span> 
     </span>
     <span class='ocr_line' id='line_1_8' title="bbox 362 1694 1557 1780; baseline 0.001 -20"><span class='ocrx_word' id='word_1_56' title='bbox 362 1695 537 1762; x_wconf 87' lang='lat' dir='ltr'>Octaviam</span> <span class='ocrx_word' id='word_1_57' title='bbox 559 1694 687 1777; x_wconf 82' lang='lat' dir='ltr'>legerit,</span> <span class='ocrx_word' id='word_1_58' title='bbox 710 1698 844 1780; x_wconf 86' lang='lat' dir='ltr'>putabit</span> <span class='ocrx_word' id='word_1_59' title='bbox 870 1698 1037 1765; x_wconf 90' lang='lat' dir='ltr'>Neronem</span> <span class='ocrx_word' id='word_1_60' title='bbox 1055 1715 1121 1764; x_wconf 83' lang='lat' dir='ltr'>aaa</span> <span class='ocrx_word' id='word_1_61' title='bbox 1138 1698 1302 1780; x_wconf 81' lang='lat' dir='ltr'>prolerrc3</span> <span class='ocrx_word' id='word_1_62' title='bbox 1322 1697 1380 1764; x_wconf 87' lang='lat' dir='ltr'>aed</span> <span class='ocrx_word' id='word_1_63' title='bbox 1398 1695 1457 1780; x_wconf 90' lang='lat' dir='ltr'>qui</span> <span class='ocrx_word' id='word_1_64' title='bbox 1475 1700 1557 1762; x_wconf 90' lang='lat' dir='ltr'>ante</span> 
     </span>
     <span class='ocr_line' id='line_1_9' title="bbox 362 1815 1556 1902; baseline 0.003 -21"><span class='ocrx_word' id='word_1_65' title='bbox 362 1815 444 1897; x_wconf 79' lang='lat' dir='ltr'>legit</span> <span class='ocrx_word' id='word_1_66' title='bbox 474 1816 639 1898; x_wconf 78' lang='lat' dir='ltr'>Taciturn,</span> <span class='ocrx_word' id='word_1_67' title='bbox 672 1818 702 1885; x_wconf 86' lang='lat' dir='ltr'>ia</span> <span class='ocrx_word' id='word_1_68' title='bbox 732 1819 904 1902; x_wconf 85' lang='lat' dir='ltr'>intelleget</span> <span class='ocrx_word' id='word_1_69' title='bbox 927 1820 1016 1887; x_wconf 85' lang='lat' dir='ltr'>unde</span> <span class='ocrx_word' id='word_1_70' title='bbox 1039 1819 1181 1887; x_wconf 86' lang='lat' dir='ltr'>Neronia</span> <span class='ocrx_word' id='word_1_71' title='bbox 1203 1819 1420 1901; x_wconf 84' lang='lat' dir='ltr'>provenerint</span> <span class='ocrx_word' id='word_1_72' title='bbox 1442 1819 1556 1885; x_wconf 79' lang='lat' dir='ltr'>verba</span> 
     </span>
     <span class='ocr_line' id='line_1_10' title="bbox 362 1936 1555 2018; baseline 0.004 -17"><span class='ocrx_word' id='word_1_73' title='bbox 362 1936 545 2005; x_wconf 86' lang='lat' dir='ltr'>Praetexta</span> <span class='ocrx_word' id='word_1_74' title='bbox 575 1937 680 2018; x_wconf 83' lang='lat' dir='ltr'>igitur</span> <span class='ocrx_word' id='word_1_75' title='bbox 710 1938 833 2006; x_wconf 86' lang='lat' dir='ltr'>nititur</span> <span class='ocrx_word' id='word_1_76' title='bbox 859 1939 1045 2007; x_wconf 85' lang='lat' dir='ltr'>Annalium</span> <span class='ocrx_word' id='word_1_77' title='bbox 1067 1939 1150 2008; x_wconf 92' lang='lat' dir='ltr'>libro</span> <span class='ocrx_word' id='word_1_78' title='bbox 1173 1938 1285 2008; x_wconf 76' lang='lat' dir='ltr'>XIV0.</span> <span class='ocrx_word' id='word_1_79' title='bbox 1310 1941 1411 2008; x_wconf 89' lang='lat' dir='ltr'>Hunc</span> <span class='ocrx_word' id='word_1_80' title='bbox 1433 1939 1555 2006; x_wconf 91' lang='lat' dir='ltr'>librum</span> 
     </span>
     <span class='ocr_line' id='line_1_11' title="bbox 363 2057 809 2139; baseline 0.004 -15"><span class='ocrx_word' id='word_1_81' title='bbox 363 2057 512 2139; x_wconf 82' lang='lat' dir='ltr'>tragicus</span> <span class='ocrx_word' id='word_1_82' title='bbox 536 2059 657 2127; x_wconf 85' lang='lat' dir='ltr'>notum</span> <span class='ocrx_word' id='word_1_83' title='bbox 679 2059 809 2127; x_wconf 87' lang='lat' dir='ltr'>habuit.</span> 
     </span>
    </p>

    <p class='ocr_par' dir='ltr' id='par_1_4' title="bbox 361 2179 1557 2748">
     <span class='ocr_line' id='line_1_12' title="bbox 406 2179 1555 2265; baseline 0.005 -19"><span class='ocrx_word' id='word_1_84' title='bbox 406 2179 528 2263; x_wconf 80' lang='lat' dir='ltr'>Ecquis</span> <span class='ocrx_word' id='word_1_85' title='bbox 550 2180 710 2248; x_wconf 80' lang='lat' dir='ltr'>dubitat?</span> <span class='ocrx_word' id='word_1_86' title='bbox 733 2180 880 2249; x_wconf 81' lang='lat' dir='ltr'>Evolvat</span> <span class='ocrx_word' id='word_1_87' title='bbox 903 2183 995 2248; x_wconf 88' lang='lat' dir='ltr'>Anu.</span> <span class='ocrx_word' id='word_1_88' title='bbox 1019 2182 1115 2250; x_wconf 89' lang='lat' dir='ltr'>XIV.</span> <span class='ocrx_word' id='word_1_89' title='bbox 1139 2181 1195 2265; x_wconf 86' lang='grc'>63,</span> <span class='ocrx_word' id='word_1_90' title='bbox 1219 2183 1276 2249; x_wconf 89' lang='lat' dir='ltr'>ubi</span> <span class='ocrx_word' id='word_1_91' title='bbox 1298 2182 1447 2251; x_wconf 71' lang='lat' dir='ltr'>Ocmciaa</span> <span class='ocrx_word' id='word_1_92' title='bbox 1467 2184 1555 2252; x_wconf 79' lang='lat' dir='ltr'>Pan·</span> 
     </span>
     <span class='ocr_line' id='line_1_13' title="bbox 361 2301 1557 2390; baseline 0.004 -23"><span class='ocrx_word' id='word_1_93' title='bbox 361 2301 529 2368; x_wconf 68' lang='lat' dir='ltr'>ameriam</span> <span class='ocrx_word' id='word_1_94' title='bbox 552 2304 713 2385; x_wconf 80' lang='lat' dir='ltr'>ralepaiae</span> <span class='ocrx_word' id='word_1_95' title='bbox 735 2319 808 2370; x_wconf 86' lang='lat' dir='ltr'>sors</span> <span class='ocrx_word' id='word_1_96' title='bbox 829 2307 1045 2386; x_wconf 89' lang='lat' dir='ltr'>comparatur</span> <span class='ocrx_word' id='word_1_97' title='bbox 1067 2321 1146 2371; x_wconf 89' lang='lat' dir='ltr'>cum</span> <span class='ocrx_word' id='word_1_98' title='bbox 1164 2304 1369 2388; x_wconf 81' lang='lat' dir='ltr'>Agrippinae</span> <span class='ocrx_word' id='word_1_99' title='bbox 1387 2304 1557 2390; x_wconf 88' lang='lat' dir='ltr'>Iuliaequo</span> 
     </span>
     <span class='ocr_line' id='line_1_14' title="bbox 361 2421 1556 2508; baseline 0.005 -20"><span class='ocrx_word' id='word_1_100' title='bbox 361 2421 468 2488; x_wconf 85' lang='lat' dir='ltr'>exitu.</span> <span class='ocrx_word' id='word_1_101' title='bbox 501 2422 628 2490; x_wconf 77' lang='lat' dir='ltr'>liudem</span> <span class='ocrx_word' id='word_1_102' title='bbox 650 2426 762 2490; x_wconf 75' lang='lat' dir='ltr'>aretem</span> <span class='ocrx_word' id='word_1_103' title='bbox 785 2424 985 2492; x_wconf 61' lang='lat' dir='ltr'>molieram</span> <span class='ocrx_word' id='word_1_104' title='bbox 1007 2425 1193 2492; x_wconf 72' lang='lat' dir='ltr'>laudandae</span> <span class='ocrx_word' id='word_1_105' title='bbox 1214 2426 1337 2494; x_wconf 88' lang='lat' dir='ltr'>chorus</span> <span class='ocrx_word' id='word_1_106' title='bbox 1359 2429 1556 2508; x_wconf 81' lang='lat' dir='ltr'>praetextae</span> 
     </span>
     <span class='ocr_line' id='line_1_15' title="bbox 364 2541 1557 2632; baseline 0.004 -22"><span class='ocrx_word' id='word_1_107' title='bbox 364 2541 529 2611; x_wconf 65' lang='lat' dir='ltr'>Muciam</span> <span class='ocrx_word' id='word_1_108' title='bbox 549 2544 794 2613; x_wconf 79' lang='lat' dir='ltr'>Pandateriam</span> <span class='ocrx_word' id='word_1_109' title='bbox 809 2545 1068 2630; x_wconf 62' lang='lat' dir='ltr'>propraeceptam</span> <span class='ocrx_word' id='word_1_110' title='bbox 1087 2545 1249 2614; x_wconf 80' lang='lat' dir='ltr'>consolari</span> <span class='ocrx_word' id='word_1_111' title='bbox 1267 2551 1419 2615; x_wconf 86' lang='lat' dir='ltr'>conatur.</span> <span class='ocrx_word' id='word_1_112' title='bbox 1434 2548 1557 2632; x_wconf 84' lang='lat' dir='ltr'>Ecquis</span> 
     </span>
     <span class='ocr_line' id='line_1_16' title="bbox 361 2663 1373 2748; baseline 0.006 -18"><span class='ocrx_word' id='word_1_113' title='bbox 361 2663 447 2731; x_wconf 83' lang='lat' dir='ltr'>forte</span> <span class='ocrx_word' id='word_1_114' title='bbox 470 2664 576 2732; x_wconf 87' lang='lat' dir='ltr'>credit</span> <span class='ocrx_word' id='word_1_115' title='bbox 599 2665 755 2734; x_wconf 79' lang='lat' dir='ltr'>Tacitum</span> <span class='ocrx_word' id='word_1_116' title='bbox 779 2683 842 2733; x_wconf 88' lang='lat' dir='ltr'>sua</span> <span class='ocrx_word' id='word_1_117' title='bbox 864 2684 885 2735; x_wconf 90' lang='lat' dir='ltr'>a</span> <span class='ocrx_word' id='word_1_118' title='bbox 903 2667 1030 2748; x_wconf 77' lang='lat' dir='ltr'>tragico</span> <span class='ocrx_word' id='word_1_119' title='bbox 1052 2685 1127 2736; x_wconf 83' lang='lat' dir='ltr'>ease</span> <span class='ocrx_word' id='word_1_120' title='bbox 1150 2670 1373 2736; x_wconf 80' lang='lat' dir='ltr'>mutuatum?</span> 
     </span>
    </p>
   </div>
   <div class='ocr_carea' id='block_1_4' title="bbox 0 0 1928 6006">
    <p class='ocr_par' dir='ltr' id='par_1_5' title="bbox 0 0 1928 6006">
     <span class='ocr_line' id='line_1_17' title="bbox 0 0 1928 6006; baseline 0 5"><span class='ocrx_word' id='word_1_121' title='bbox 0 0 1928 6006; x_wconf 95' lang='lat' dir='ltr'> </span> 
     </span>
    </p>
   </div>
  </div>
 </body>
</html>
