4144 6154
896 906 962 974 437

372 1091 414 1158 11.
446 1089 618 1158 Mortuum
645 1091 762 1157 autem
790 1088 894 1156 ilrisso
917 1091 1105 1174 tyrannum
1131 1106 1208 1155 cum
1232 1089 1268 1155 in
1291 1089 1399 1156 lucem
1422 1089 1518 1156 emit

326 1211 462 1279 tebatur
483 1210 606 1293 fabula,
630 1210 709 1294 quid
733 1211 884 1278 mirum?
905 1211 993 1294 Quin
1016 1210 1184 1278 indicatur
1206 1227 1297 1278 mors
1318 1209 1393 1294 ipsa
1416 1210 1518 1278 versi·

325 1331 398 1416 bus,
422 1332 538 1414 quales
560 1335 643 1399 sunt
664 1332 860 1414 (620111.)

415 1453 521 1520 ultrix
544 1453 668 1538 Erinys
690 1453 794 1536 impio
816 1451 958 1534 dignum
980 1457 1079 1536 parat

414 1571 521 1640 letum
544 1576 703 1657 tyranno,
727 1573 866 1641 verbera
888 1577 925 1641 et
947 1575 1083 1657 turpem
1105 1573 1221 1656 lugam

415 1695 531 1762 veniet
552 1695 625 1762 dies
647 1699 857 1780 tempusque,
881 1712 947 1779 quo
970 1696 1088 1764 reddat
1111 1696 1185 1763 suis
1255 1729 1259 1740 ·

414 1816 563 1884 animem
586 1820 765 1886 nocentem
787 1815 978 1895 sceleribus,
999 1817 1153 1898 iugulum
1175 1817 1329 1884 hostibus

411 1936 567 2005 desertus
585 1956 626 2006 ac
644 1938 839 2007 destmctus
857 1941 893 2005 et
911 1939 1045 2006 cunctis
1063 1955 1175 2020 egeus.
1195 1939 1250 2023 (11.
1271 1939 1359 2006 Plut.
1373 1937 1467 2006 6111.
1482 1937 1516 2022 7)

326 2054 380 2124 vel
403 2058 520 2141 quales
540 2063 642 2128 sunt:

821 2181 962 2250 forsitan
984 2181 1110 2250 vindex
1130 2182 1214 2250 deus

413 2301 541 2370 existet
562 2302 694 2387 aliquis,
717 2301 828 2372 laetus
849 2307 887 2371 et
908 2303 1023 2371 veniet
1045 2303 1134 2386 dies;

322 2422 379 2489 ubi
398 2423 557 2491 alluditur
575 2423 618 2490 ad
637 2441 725 2507 eum,
744 2425 802 2507 qui
820 2425 950 2507 primus
969 2423 1135 2492 Neronem
1154 2423 1304 2508 impulit:
1328 2442 1449 2510 nempe
1472 2427 1513 2492 ed

323 2543 499 2612 Vindicem
522 2543 577 2630 (11.
601 2545 663 2613 Dio
685 2545 740 2623 63,
765 2545 817 2631 22,
845 2547 881 2622 1;
906 2545 994 2613 Ρ111.
1019 2544 1113 2614 Galb.
1138 2545 1183 2630 4).

366 2666 456 2732 Hinc
478 2665 579 2734 simul
602 2670 743 2749 apparet
764 2665 909 2736 Senecae
930 2668 1018 2734 hanc
1041 2665 1245 2748 tragoediam
1267 2684 1336 2734 non
1359 2684 1435 2735 esec
1457 2669 1514 2736 tri·

321 2787 488 2856 buendam
498 2809 507 2871 ;
518 2781 618 2871 “quod
641 2787 833 2870 ceteroquin
855 2804 898 2855 ex
922 2786 995 2871 ipsa
1012 2787 1157 2856 dictiom
1175 2789 1244 2856 iam
1263 2787 1350 2856 effici
1369 2791 1512 2870 poterat.

323 2907 411 2976 Nam
434 2909 642 2976 imitatorem
664 2909 775 2992 prodit
793 2909 885 2976 iusto
901 2909 1106 2993 frequentior
1124 2927 1209 2977 usus
1225 2909 1382 2977 adiectivi
1397 2908 1513 2998 „diri”,

320 3028 407 3109 quod
429 3029 575 3096 Senecae
596 3029 632 3096 in
653 3027 780 3096 deliciis
796 3029 900 3096 luisse
920 3031 1004 3097 bene
1022 3030 1227 3098 observarat.
1247 3031 1311 3098 Sed
1324 3032 1377 3098 hio
1388 3030 1513 3113 largius

319 3149 497 3216 adhibetur
526 3155 611 3230 (uss.
642 3151 698 3227 92,
725 3151 800 3227 182,
824 3149 900 3227 227,
925 3149 1003 3227 aad,
1027 3150 1102 3235 369,
1129 3150 1206 3227 612,
1230 3153 1306 3234 622,
1332 3153 1409 3235 660,
1433 3154 1511 3235 671,

320 3270 397 3352 866,
421 3270 499 3347 861,
523 3270 601 3353 878,
625 3269 716 3350 961).
740 3269 872 3338 Desunt
894 3287 1025 3354 quoque
1047 3271 1179 3339 11111111
1200 3271 1256 3339 illa
1277 3272 1430 3354 lugubria
1453 3273 1512 3340 sed

320 3391 436 3458 eedem
468 3392 703 3473 pulcherrime,
726 3392 849 3476 quibus
870 3393 1016 3460 Senecae
1038 3393 1228 3474 tragoediae
1251 3394 1361 3462 ornari
1383 3395 1510 3476 111111,

319 3515 360 3577 11
382 3527 401 3576 1
424 3511 608 3579 Troadibus
631 3513 729 3580 illud:

409 3649 529 3699 verum
553 3637 608 3700 est
629 3651 674 3700 en
698 3633 835 3703 timidos
857 3633 970 3702 fabula
991 3636 1116 3720 decipit

408 3755 546 3822 umbras
568 3756 760 3837 corporibus
782 3757 897 3824 111111
919 3757 1088 3825 conditis?
1110 3759 1191 3838 (376
1213 3760 1277 3845 sq.)

319 3873 374 3941 111
397 3892 417 3942 1
441 3875 604 3943 Phaedra:

408 4014 428 4063 o
452 4013 575 4078 magna
597 4014 730 4081 parens,
754 4003 887 4084 natura,
911 4001 1014 4069 deum
1037 3999 1118 4086 (969
1141 4002 1228 4086 sqq.)

317 4117 405 4200 quod
427 4118 584 4186 imitatur
605 4123 722 4188 auctor
744 4125 871 4198 noster,
891 4122 949 4188 sed
973 4141 1039 4192 uon
1062 4123 1097 4190 in
1120 4125 1260 4209 chorico,
1284 4125 1344 4192 ubi
1365 4125 1475 4192 canit:

410 4256 431 4306 o
454 4257 556 4322 quam
579 4241 729 4322 iuvabat,
753 4259 819 4325 quo
842 4243 925 4310 nihil
948 4243 1060 4312 maius
1082 4261 1204 4328 parens

406 4363 529 4428 natura
551 4364 678 4443 genuit,
703 4366 812 4447 operis
834 4365 993 4432 immensi
1014 4366 1137 4434 artifex
1159 4366 1241 4451 (390
1264 4373 1339 4450 sp).

208 4538 214 4548 ,
360 4480 420 4548 ΙΠ.
448 4482 528 4550 'l'ale
549 4483 720 4551 chodcum
743 4485 778 4551 in
802 4486 942 4553 Octavia
964 4487 1092 4554 frustra
1113 4488 1307 4571 quaesieris,
1329 4488 1417 4572 quod
1439 4507 1507 4557 non

315 4617 452 4682 prorsus
473 4618 493 4667 e
515 4604 705 4684 tragoediae
726 4609 926 4686 argumente
944 4607 1103 4675 historico
1122 4608 1281 4689 explicari
1300 4611 1422 4692 potest.
1442 4609 1506 4678 Sed

315 4722 401 4804 quod
430 4721 530 4808 inest,
556 4727 773 4807 -quamvis
802 4731 839 4794 et
869 4745 932 4796 nos
961 4745 1029 4796 non
1059 4729 1126 4795 nisi
1149 4729 1374 4798 mussitantes
1395 4733 1508 4801 audie·

315 4859 393 4910 mus
411 4879 459 4926 -‚
483 4845 574 4912 inest
595 4845 774 4930 descriptio
793 4848 944 4930 Tigellini
963 4865 1095 4916 morum
1115 4850 1239 4917 talibus
1257 4868 1417 4934 expressa
1434 4872 1507 4923 111-
