<?xml version="1.0" encoding="UTF-8"?>
<!DOCTYPE html PUBLIC "-//W3C//DTD XHTML 1.0 Transitional//EN"
    "http://www.w3.org/TR/xhtml1/DTD/xhtml1-transitional.dtd">
<html xmlns="http://www.w3.org/1999/xhtml" xml:lang="en" lang="en">
 <head>
  <title>
</title>
<meta http-equiv="Content-Type" content="text/html;charset=utf-8" />
  <meta name='ocr-system' content='tesseract 3.04.00' />
  <meta name='ocr-capabilities' content='ocr_page ocr_carea ocr_par ocr_line ocrx_word'/>
</head>
<body>
  <div class='ocr_page' id='page_1' title='image "./sertumnabericum00nabegoog_0172.png"; bbox 0 0 3848 6006; ppageno 0'>
   <div class='ocr_carea' id='block_1_1' title="bbox 929 835 993 902">
    <p class='ocr_par' dir='ltr' id='par_1_1' title="bbox 929 835 993 902">
     <span class='ocr_line' id='line_1_1' title="bbox 929 835 993 902; baseline 0 -1"><span class='ocrx_word' id='word_1_1' title='bbox 929 835 993 902; x_wconf 76' lang='lat'><strong>159</strong></span> 
     </span>
    </p>
   </div>
   <div class='ocr_carea' id='block_1_2' title="bbox 362 1015 1567 4868">
    <p class='ocr_par' dir='ltr' id='par_1_2' title="bbox 365 1015 1558 1223">
     <span class='ocr_line' id='line_1_2' title="bbox 406 1015 1558 1103; baseline -0.001 -17"><span class='ocrx_word' id='word_1_2' title='bbox 406 1018 462 1086; x_wconf 78' lang='lat' dir='ltr'><strong>Ab</strong></span> <span class='ocrx_word' id='word_1_3' title='bbox 478 1017 587 1086; x_wconf 85' lang='lat' dir='ltr'><strong>altera</strong></span> <span class='ocrx_word' id='word_1_4' title='bbox 603 1019 699 1102; x_wconf 86' lang='lat' dir='ltr'><strong>parte</strong></span> <span class='ocrx_word' id='word_1_5' title='bbox 719 1015 874 1102; x_wconf 85' lang='lat' dir='ltr'><strong>exempla</strong></span> <span class='ocrx_word' id='word_1_6' title='bbox 893 1019 1027 1103; x_wconf 87' lang='lat' dir='ltr'><strong>praesto</strong></span> <span class='ocrx_word' id='word_1_7' title='bbox 1045 1018 1130 1083; x_wconf 92' lang='lat' dir='ltr'><strong>sunt</strong></span> <span class='ocrx_word' id='word_1_8' title='bbox 1149 1015 1361 1083; x_wconf 85' lang='lat' dir='ltr'><strong>tribunorum</strong></span> <span class='ocrx_word' id='word_1_9' title='bbox 1383 1015 1436 1083; x_wconf 91' lang='lat' dir='ltr'><strong>ins</strong></span> <span class='ocrx_word' id='word_1_10' title='bbox 1455 1033 1558 1085; x_wconf 89' lang='lat' dir='ltr'><strong>suum</strong></span> 
     </span>
     <span class='ocr_line' id='line_1_3' title="bbox 365 1136 1381 1223; baseline -0.004 -17"><span class='ocrx_word' id='word_1_11' title='bbox 365 1139 499 1206; x_wconf 84' lang='lat' dir='ltr'><strong>vetandi</strong></span> <span class='ocrx_word' id='word_1_12' title='bbox 522 1137 615 1206; x_wconf 89' lang='lat' dir='ltr'><strong>nulla</strong></span> <span class='ocrx_word' id='word_1_13' title='bbox 636 1138 859 1223; x_wconf 80' lang='lat' dir='ltr'><strong>appellatione</strong></span> <span class='ocrx_word' id='word_1_14' title='bbox 881 1154 945 1205; x_wconf 88' lang='lat' dir='ltr'><strong>sua</strong></span> <span class='ocrx_word' id='word_1_15' title='bbox 967 1138 1087 1220; x_wconf 89' lang='lat' dir='ltr'><strong>sponte</strong></span> <span class='ocrx_word' id='word_1_16' title='bbox 1110 1136 1381 1219; x_wconf 78' lang='lat' dir='ltr'><strong>exsequentium.</strong></span> 
     </span>
    </p>

    <p class='ocr_par' dir='ltr' id='par_1_3' title="bbox 362 1258 1560 1829">
     <span class='ocr_line' id='line_1_4' title="bbox 407 1258 1560 1344; baseline -0.002 -16"><span class='ocrx_word' id='word_1_17' title='bbox 407 1262 508 1329; x_wconf 82' lang='lat' dir='ltr'><strong>Anno</strong></span> <span class='ocrx_word' id='word_1_18' title='bbox 539 1261 605 1328; x_wconf 89' lang='grc'><strong>110</strong></span> <span class='ocrx_word' id='word_1_19' title='bbox 635 1260 692 1344; x_wconf 86' lang='lat' dir='ltr'><strong>Sp.</strong></span> <span class='ocrx_word' id='word_1_20' title='bbox 723 1259 922 1328; x_wconf 83' lang='lat' dir='ltr'><strong>Postumius</strong></span> <span class='ocrx_word' id='word_1_21' title='bbox 952 1259 1069 1326; x_wconf 90' lang='lat' dir='ltr'><strong>consul</strong></span> <span class='ocrx_word' id='word_1_22' title='bbox 1100 1262 1260 1326; x_wconf 89' lang='lat' dir='ltr'><strong>senatum</strong></span> <span class='ocrx_word' id='word_1_23' title='bbox 1291 1258 1489 1326; x_wconf 90' lang='lat' dir='ltr'><strong>consulebat</strong></span> <span class='ocrx_word' id='word_1_24' title='bbox 1518 1258 1560 1326; x_wconf 94' lang='lat' dir='ltr'><strong>de</strong></span> 
     </span>
     <span class='ocr_line' id='line_1_5' title="bbox 363 1381 1559 1465; baseline 0 -16"><span class='ocrx_word' id='word_1_25' title='bbox 363 1382 491 1451; x_wconf 81' lang='lat' dir='ltr'><strong>loedere</strong></span> <span class='ocrx_word' id='word_1_26' title='bbox 520 1401 542 1451; x_wconf 88' lang='lat' dir='ltr'><strong>a</strong></span> <span class='ocrx_word' id='word_1_27' title='bbox 566 1382 671 1451; x_wconf 80' lang='lat' dir='ltr'><strong>batte</strong></span> <span class='ocrx_word' id='word_1_28' title='bbox 694 1399 773 1450; x_wconf 91' lang='lat' dir='ltr'><strong>oum</strong></span> <span class='ocrx_word' id='word_1_29' title='bbox 797 1382 963 1463; x_wconf 74' lang='lat' dir='ltr'><strong>Iugurtha</strong></span> <span class='ocrx_word' id='word_1_30' title='bbox 985 1382 1054 1449; x_wconf 92' lang='lat' dir='ltr'><strong>icto</strong></span> <span class='ocrx_word' id='word_1_31' title='bbox 1076 1384 1113 1449; x_wconf 92' lang='lat' dir='ltr'><strong>et</strong></span> <span class='ocrx_word' id='word_1_32' title='bbox 1135 1381 1273 1449; x_wconf 85' lang='lat' dir='ltr'><strong>interim</strong></span> <span class='ocrx_word' id='word_1_33' title='bbox 1296 1381 1459 1448; x_wconf 86' lang='lat' dir='ltr'><strong>exercitui</strong></span> <span class='ocrx_word' id='word_1_34' title='bbox 1482 1399 1559 1465; x_wconf 83' lang='lat' dir='ltr'><strong>sup</strong></span> 
     </span>
     <span class='ocr_line' id='line_1_6' title="bbox 363 1502 1560 1587; baseline 0 -17"><span class='ocrx_word' id='word_1_35' title='bbox 363 1502 572 1587; x_wconf 75' lang='lat' dir='ltr'><strong>plumentum</strong></span> <span class='ocrx_word' id='word_1_36' title='bbox 594 1504 773 1572; x_wconf 89' lang='lat' dir='ltr'><strong>scribebat.</strong></span> <span class='ocrx_word' id='word_1_37' title='bbox 798 1504 935 1571; x_wconf 87' lang='lat' dir='ltr'><strong>Reiecto</strong></span> <span class='ocrx_word' id='word_1_38' title='bbox 956 1507 1073 1570; x_wconf 86' lang='lat' dir='ltr'><strong>autem</strong></span> <span class='ocrx_word' id='word_1_39' title='bbox 1097 1503 1226 1570; x_wconf 82' lang='lat' dir='ltr'><strong>loedere</strong></span> <span class='ocrx_word' id='word_1_40' title='bbox 1249 1506 1411 1570; x_wconf 88' lang='lat' dir='ltr'><strong>asenatu</strong></span> <span class='ocrx_word' id='word_1_41' title='bbox 1432 1503 1560 1571; x_wconf 89' lang='lat' dir='ltr'><strong>tribuni</strong></span> 
     </span>
     <span class='ocr_line' id='line_1_7' title="bbox 362 1623 1560 1708; baseline 0.003 -18"><span class='ocrx_word' id='word_1_42' title='bbox 362 1623 536 1691; x_wconf 89' lang='lat' dir='ltr'><strong>consulem</strong></span> <span class='ocrx_word' id='word_1_43' title='bbox 557 1624 671 1708; x_wconf 87' lang='lat' dir='ltr'><strong>copias</strong></span> <span class='ocrx_word' id='word_1_44' title='bbox 694 1640 811 1691; x_wconf 90' lang='lat' dir='ltr'><strong>secum</strong></span> <span class='ocrx_word' id='word_1_45' title='bbox 832 1628 967 1708; x_wconf 88' lang='lat' dir='ltr'><strong>portare</strong></span> <span class='ocrx_word' id='word_1_46' title='bbox 990 1626 1175 1690; x_wconf 83' lang='lat' dir='ltr'><strong>vetuerunt</strong></span> <span class='ocrx_word' id='word_1_47' title='bbox 1197 1640 1342 1707; x_wconf 91' lang='lat' dir='ltr'><strong>eumque</strong></span> <span class='ocrx_word' id='word_1_48' title='bbox 1365 1624 1439 1692; x_wconf 89' lang='lat' dir='ltr'><strong>sine</strong></span> <span class='ocrx_word' id='word_1_49' title='bbox 1461 1626 1560 1693; x_wconf 84' lang='lat' dir='ltr'><strong>novis</strong></span> 
     </span>
     <span class='ocr_line' id='line_1_8' title="bbox 363 1743 1471 1829; baseline 0 -17"><span class='ocrx_word' id='word_1_50' title='bbox 363 1743 528 1812; x_wconf 83' lang='lat' dir='ltr'><strong>militibus</strong></span> <span class='ocrx_word' id='word_1_51' title='bbox 549 1745 584 1812; x_wconf 96' lang='lat' dir='ltr'><strong>in</strong></span> <span class='ocrx_word' id='word_1_52' title='bbox 609 1745 760 1812; x_wconf 82' lang='lat' dir='ltr'><strong>Africam</strong></span> <span class='ocrx_word' id='word_1_53' title='bbox 783 1744 945 1829; x_wconf 85' lang='lat' dir='ltr'><strong>proticisci</strong></span> <span class='ocrx_word' id='word_1_54' title='bbox 969 1747 1151 1824; x_wconf 90' lang='lat' dir='ltr'><strong>coegerunt</strong></span> <span class='ocrx_word' id='word_1_55' title='bbox 1174 1743 1265 1828; x_wconf 86' lang='lat' dir='ltr'><strong>(Sall.</strong></span> <span class='ocrx_word' id='word_1_56' title='bbox 1289 1745 1327 1811; x_wconf 88' lang='lat' dir='ltr'><strong>B.</strong></span> <span class='ocrx_word' id='word_1_57' title='bbox 1351 1747 1378 1814; x_wconf 86' lang='lat' dir='ltr'><strong>L</strong></span> <span class='ocrx_word' id='word_1_58' title='bbox 1403 1747 1471 1827; x_wconf 85' lang='grc'><strong>39).</strong></span> 
     </span>
    </p>

    <p class='ocr_par' dir='ltr' id='par_1_4' title="bbox 363 1863 1561 2439">
     <span class='ocr_line' id='line_1_9' title="bbox 408 1863 1559 1950; baseline 0.004 -18"><span class='ocrx_word' id='word_1_59' title='bbox 408 1867 510 1934; x_wconf 84' lang='lat' dir='ltr'><strong>Anno</strong></span> <span class='ocrx_word' id='word_1_60' title='bbox 538 1867 585 1933; x_wconf 81' lang='lat'><strong>60</strong></span> <span class='ocrx_word' id='word_1_61' title='bbox 614 1865 767 1934; x_wconf 79' lang='lat' dir='ltr'><strong>Metellus</strong></span> <span class='ocrx_word' id='word_1_62' title='bbox 797 1863 914 1933; x_wconf 88' lang='lat' dir='ltr'><strong>consul</strong></span> <span class='ocrx_word' id='word_1_63' title='bbox 944 1865 1010 1946; x_wconf 90' lang='lat' dir='ltr'><strong>legi</strong></span> <span class='ocrx_word' id='word_1_64' title='bbox 1036 1865 1187 1946; x_wconf 85' lang='lat' dir='ltr'><strong>agrariae</strong></span> <span class='ocrx_word' id='word_1_65' title='bbox 1209 1865 1317 1933; x_wconf 79' lang='lat' dir='ltr'><strong>Flavii</strong></span> <span class='ocrx_word' id='word_1_66' title='bbox 1340 1870 1559 1950; x_wconf 77' lang='lat' dir='ltr'><strong>repugnabat.</strong></span> 
     </span>
     <span class='ocr_line' id='line_1_10' title="bbox 363 1987 1560 2075; baseline 0.005 -21"><span class='ocrx_word' id='word_1_67' title='bbox 363 1987 446 2055; x_wconf 88' lang='lat' dir='ltr'><strong>Post</strong></span> <span class='ocrx_word' id='word_1_68' title='bbox 474 1988 587 2056; x_wconf 83' lang='lat' dir='ltr'><strong>varias</strong></span> <span class='ocrx_word' id='word_1_69' title='bbox 615 1989 851 2056; x_wconf 72' lang='lat' dir='ltr'><strong>contentiones</strong></span> <span class='ocrx_word' id='word_1_70' title='bbox 882 1988 1020 2055; x_wconf 78' lang='lat' dir='ltr'><strong>Flavius</strong></span> <span class='ocrx_word' id='word_1_71' title='bbox 1053 1987 1288 2070; x_wconf 87' lang='lat' dir='ltr'><strong>pronuntiavit</strong></span> <span class='ocrx_word' id='word_1_72' title='bbox 1320 2004 1357 2055; x_wconf 89' lang='lat' dir='ltr'><strong>se</strong></span> <span class='ocrx_word' id='word_1_73' title='bbox 1380 2007 1468 2075; x_wconf 81' lang='lat' dir='ltr'><strong>eum,</strong></span> <span class='ocrx_word' id='word_1_74' title='bbox 1494 1992 1560 2059; x_wconf 93' lang='lat' dir='ltr'><strong>nisi</strong></span> 
     </span>
     <span class='ocr_line' id='line_1_11' title="bbox 363 2108 1560 2194; baseline 0.002 -16"><span class='ocrx_word' id='word_1_75' title='bbox 363 2109 469 2192; x_wconf 89' lang='lat' dir='ltr'><strong>legem</strong></span> <span class='ocrx_word' id='word_1_76' title='bbox 492 2110 565 2178; x_wconf 87' lang='lat' dir='ltr'><strong>lieri</strong></span> <span class='ocrx_word' id='word_1_77' title='bbox 588 2113 772 2194; x_wconf 88' lang='lat' dir='ltr'><strong>pateretur,</strong></span> <span class='ocrx_word' id='word_1_78' title='bbox 796 2109 987 2176; x_wconf 88' lang='lat' dir='ltr'><strong>vetiturum</strong></span> <span class='ocrx_word' id='word_1_79' title='bbox 1006 2109 1041 2175; x_wconf 93' lang='lat' dir='ltr'><strong>in</strong></span> <span class='ocrx_word' id='word_1_80' title='bbox 1061 2108 1269 2192; x_wconf 84' lang='lat' dir='ltr'><strong>provinciam</strong></span> <span class='ocrx_word' id='word_1_81' title='bbox 1289 2110 1469 2194; x_wconf 84' lang='lat' dir='ltr'><strong>proticisct;</strong></span> <span class='ocrx_word' id='word_1_82' title='bbox 1494 2113 1560 2180; x_wconf 82' lang='lat' dir='ltr'><strong>lte-</strong></span> 
     </span>
     <span class='ocr_line' id='line_1_12' title="bbox 365 2229 1561 2320; baseline 0.003 -20"><span class='ocrx_word' id='word_1_83' title='bbox 365 2231 465 2300; x_wconf 88' lang='lat' dir='ltr'><strong>tellus</strong></span> <span class='ocrx_word' id='word_1_84' title='bbox 495 2231 611 2301; x_wconf 79' lang='lat' dir='ltr'><strong>Flavio</strong></span> <span class='ocrx_word' id='word_1_85' title='bbox 644 2250 725 2300; x_wconf 91' lang='lat' dir='ltr'><strong>cum</strong></span> <span class='ocrx_word' id='word_1_86' title='bbox 759 2247 888 2298; x_wconf 91' lang='lat' dir='ltr'><strong>morem</strong></span> <span class='ocrx_word' id='word_1_87' title='bbox 918 2248 1032 2314; x_wconf 80' lang='lat' dir='ltr'><strong>gerere</strong></span> <span class='ocrx_word' id='word_1_88' title='bbox 1062 2229 1175 2316; x_wconf 85' lang='lat' dir='ltr'><strong>nollet,</strong></span> <span class='ocrx_word' id='word_1_89' title='bbox 1207 2230 1298 2298; x_wconf 87' lang='lat' dir='ltr'><strong>domi</strong></span> <span class='ocrx_word' id='word_1_90' title='bbox 1327 2235 1455 2301; x_wconf 89' lang='lat' dir='ltr'><strong>mansit</strong></span> <span class='ocrx_word' id='word_1_91' title='bbox 1485 2235 1561 2320; x_wconf 86' lang='lat' dir='ltr'><strong>(Dio</strong></span> 
     </span>
     <span class='ocr_line' id='line_1_13' title="bbox 365 2353 687 2439; baseline -0.012 -17"><span class='ocrx_word' id='word_1_92' title='bbox 365 2353 459 2422; x_wconf 81' lang='lat' dir='ltr'><strong>Oass.</strong></span> <span class='ocrx_word' id='word_1_93' title='bbox 483 2355 539 2432; x_wconf 78' lang='lat'><strong>37,</strong></span> <span class='ocrx_word' id='word_1_94' title='bbox 565 2353 619 2439; x_wconf 86' lang='lat'><strong>50,</strong></span> <span class='ocrx_word' id='word_1_95' title='bbox 643 2355 687 2432; x_wconf 85' lang='grc'><strong>4).</strong></span> 
     </span>
    </p>

    <p class='ocr_par' dir='ltr' id='par_1_5' title="bbox 364 2475 1564 3534">
     <span class='ocr_line' id='line_1_14' title="bbox 409 2475 1560 2560; baseline 0.003 -17"><span class='ocrx_word' id='word_1_96' title='bbox 409 2476 580 2560; x_wconf 88' lang='lat' dir='ltr'><strong>Imprimis</strong></span> <span class='ocrx_word' id='word_1_97' title='bbox 611 2475 709 2542; x_wconf 90' lang='lat' dir='ltr'><strong>utilia</strong></span> <span class='ocrx_word' id='word_1_98' title='bbox 738 2479 824 2543; x_wconf 88' lang='lat' dir='ltr'><strong>sunt</strong></span> <span class='ocrx_word' id='word_1_99' title='bbox 852 2493 939 2559; x_wconf 88' lang='lat' dir='ltr'><strong>quae</strong></span> <span class='ocrx_word' id='word_1_100' title='bbox 968 2493 1058 2544; x_wconf 91' lang='lat' dir='ltr'><strong>anno</strong></span> <span class='ocrx_word' id='word_1_101' title='bbox 1083 2476 1126 2542; x_wconf 79' lang='lat'><strong>55</strong></span> <span class='ocrx_word' id='word_1_102' title='bbox 1149 2480 1347 2545; x_wconf 83' lang='lat' dir='ltr'><strong>evenerunt.</strong></span> <span class='ocrx_word' id='word_1_103' title='bbox 1370 2478 1494 2548; x_wconf 79' lang='lat' dir='ltr'><strong>Ateius</strong></span> <span class='ocrx_word' id='word_1_104' title='bbox 1517 2485 1560 2548; x_wconf 88' lang='lat' dir='ltr'><strong>tr.</strong></span> 
     </span>
     <span class='ocr_line' id='line_1_15' title="bbox 365 2597 1562 2682; baseline 0.005 -17"><span class='ocrx_word' id='word_1_105' title='bbox 365 2598 409 2682; x_wconf 87' lang='lat' dir='ltr'><strong>pl</strong></span> <span class='ocrx_word' id='word_1_106' title='bbox 438 2599 547 2681; x_wconf 86' lang='lat' dir='ltr'><strong>legem</strong></span> <span class='ocrx_word' id='word_1_107' title='bbox 570 2597 769 2665; x_wconf 76' lang='lat' dir='ltr'><strong>&#39;trebonium</strong></span> <span class='ocrx_word' id='word_1_108' title='bbox 793 2598 955 2681; x_wconf 91' lang='lat' dir='ltr'><strong>impedire</strong></span> <span class='ocrx_word' id='word_1_109' title='bbox 977 2616 1044 2666; x_wconf 93' lang='lat' dir='ltr'><strong>non</strong></span> <span class='ocrx_word' id='word_1_110' title='bbox 1068 2603 1225 2682; x_wconf 88' lang='lat' dir='ltr'><strong>potuerat</strong></span> <span class='ocrx_word' id='word_1_111' title='bbox 1246 2601 1504 2670; x_wconf 82' lang='lat' dir='ltr'><strong>obnuntiatione</strong></span> <span class='ocrx_word' id='word_1_112' title='bbox 1526 2608 1562 2672; x_wconf 93' lang='lat' dir='ltr'><strong>et</strong></span> 
     </span>
     <span class='ocr_line' id='line_1_16' title="bbox 365 2719 1562 2808; baseline 0.004 -20"><span class='ocrx_word' id='word_1_113' title='bbox 365 2719 607 2788; x_wconf 81' lang='lat' dir='ltr'><strong>intercessione</strong></span> <span class='ocrx_word' id='word_1_114' title='bbox 644 2723 763 2787; x_wconf 88' lang='lat' dir='ltr'><strong>contra</strong></span> <span class='ocrx_word' id='word_1_115' title='bbox 801 2721 992 2802; x_wconf 82' lang='lat' dir='ltr'><strong>rogationes</strong></span> <span class='ocrx_word' id='word_1_116' title='bbox 1026 2720 1098 2801; x_wconf 91' lang='lat' dir='ltr'><strong>lege</strong></span> <span class='ocrx_word' id='word_1_117' title='bbox 1129 2720 1243 2788; x_wconf 85' lang='lat' dir='ltr'><strong>ctodia</strong></span> <span class='ocrx_word' id='word_1_118' title='bbox 1276 2722 1420 2791; x_wconf 84' lang='lat' dir='ltr'><strong>sublatis</strong></span> <span class='ocrx_word' id='word_1_119' title='bbox 1454 2741 1562 2808; x_wconf 90' lang='lat' dir='ltr'><strong>neque</strong></span> 
     </span>
     <span class='ocr_line' id='line_1_17' title="bbox 364 2818 1562 2928; baseline 0.003 -18"><span class='ocrx_word' id='word_1_120' title='bbox 364 2842 525 2927; x_wconf 90' lang='lat' dir='ltr'><strong>auspiciis</strong></span> <span class='ocrx_word' id='word_1_121' title='bbox 554 2842 778 2910; x_wconf 85' lang='lat' dir='ltr'><strong>ementiendis</strong></span> <span class='ocrx_word' id='word_1_122' title='bbox 808 2840 883 2926; x_wconf 92' lang='lat' dir='ltr'><strong>plus</strong></span> <span class='ocrx_word' id='word_1_123' title='bbox 914 2818 1117 2925; x_wconf 85' lang='lat' dir='ltr'><strong>proiecerat;</strong></span> <span class='ocrx_word' id='word_1_124' title='bbox 1141 2842 1219 2910; x_wconf 90' lang='lat' dir='ltr'><strong>dein</strong></span> <span class='ocrx_word' id='word_1_125' title='bbox 1243 2844 1422 2928; x_wconf 90' lang='lat' dir='ltr'><strong>Pompeius</strong></span> <span class='ocrx_word' id='word_1_126' title='bbox 1444 2850 1562 2915; x_wconf 88' lang='lat' dir='ltr'><strong>contra</strong></span> 
     </span>
     <span class='ocr_line' id='line_1_18' title="bbox 365 2963 1562 3052; baseline 0.004 -20"><span class='ocrx_word' id='word_1_127' title='bbox 365 2965 579 3033; x_wconf 90' lang='lat' dir='ltr'><strong>tribunorum</strong></span> <span class='ocrx_word' id='word_1_128' title='bbox 609 2967 754 3033; x_wconf 87' lang='lat' dir='ltr'><strong>conatus</strong></span> <span class='ocrx_word' id='word_1_129' title='bbox 782 2963 943 3032; x_wconf 88' lang='lat' dir='ltr'><strong>dilectum</strong></span> <span class='ocrx_word' id='word_1_130' title='bbox 973 2964 1165 3032; x_wconf 86' lang='lat' dir='ltr'><strong>iaciendum</strong></span> <span class='ocrx_word' id='word_1_131' title='bbox 1195 2970 1391 3049; x_wconf 60' lang='lat' dir='ltr'><strong>curaveram</strong></span> <span class='ocrx_word' id='word_1_132' title='bbox 1422 2968 1562 3052; x_wconf 93' lang='lat' dir='ltr'><strong>denique</strong></span> 
     </span>
     <span class='ocr_line' id='line_1_19' title="bbox 365 3085 1564 3175; baseline 0.005 -23"><span class='ocrx_word' id='word_1_133' title='bbox 365 3086 489 3154; x_wconf 78' lang='lat' dir='ltr'><strong>Ateius</strong></span> <span class='ocrx_word' id='word_1_134' title='bbox 511 3088 693 3170; x_wconf 83' lang='lat' dir='ltr'><strong>postquam</strong></span> <span class='ocrx_word' id='word_1_135' title='bbox 716 3086 845 3153; x_wconf 80' lang='lat' dir='ltr'><strong>frustra</strong></span> <span class='ocrx_word' id='word_1_136' title='bbox 866 3085 977 3152; x_wconf 91' lang='lat' dir='ltr'><strong>denuo</strong></span> <span class='ocrx_word' id='word_1_137' title='bbox 995 3086 1155 3169; x_wconf 88' lang='lat' dir='ltr'><strong>auspiciis</strong></span> <span class='ocrx_word' id='word_1_138' title='bbox 1174 3087 1396 3156; x_wconf 88' lang='lat' dir='ltr'><strong>ementiendis</strong></span> <span class='ocrx_word' id='word_1_139' title='bbox 1413 3090 1448 3156; x_wconf 94' lang='lat' dir='ltr'><strong>in</strong></span> <span class='ocrx_word' id='word_1_140' title='bbox 1469 3090 1564 3175; x_wconf 84' lang='lat' dir='ltr'><strong>capi-</strong></span> 
     </span>
     <span class='ocr_line' id='line_1_20' title="bbox 367 3206 1564 3295; baseline 0.003 -20"><span class='ocrx_word' id='word_1_141' title='bbox 367 3207 448 3275; x_wconf 86' lang='lat' dir='ltr'><strong>tolia</strong></span> <span class='ocrx_word' id='word_1_142' title='bbox 477 3207 590 3275; x_wconf 81' lang='lat' dir='ltr'><strong>Crassi</strong></span> <span class='ocrx_word' id='word_1_143' title='bbox 620 3207 822 3275; x_wconf 82' lang='lat' dir='ltr'><strong>sacrificium</strong></span> <span class='ocrx_word' id='word_1_144' title='bbox 853 3206 1014 3289; x_wconf 89' lang='lat' dir='ltr'><strong>impedire</strong></span> <span class='ocrx_word' id='word_1_145' title='bbox 1044 3210 1187 3274; x_wconf 88' lang='lat' dir='ltr'><strong>conatus</strong></span> <span class='ocrx_word' id='word_1_146' title='bbox 1217 3212 1280 3292; x_wconf 85' lang='lat' dir='ltr'><strong>eet,</strong></span> <span class='ocrx_word' id='word_1_147' title='bbox 1306 3208 1467 3278; x_wconf 80' lang='lat' dir='ltr'><strong>Crassum</strong></span> <span class='ocrx_word' id='word_1_148' title='bbox 1490 3229 1564 3295; x_wconf 80' lang='lat' dir='ltr'><strong>pro</strong></span> 
     </span>
     <span class='ocr_line' id='line_1_21' title="bbox 367 3327 1562 3411; baseline 0.005 -15"><span class='ocrx_word' id='word_1_149' title='bbox 367 3328 574 3397; x_wconf 81' lang='lat' dir='ltr'><strong>ficiscentem</strong></span> <span class='ocrx_word' id='word_1_150' title='bbox 595 3329 632 3395; x_wconf 90' lang='lat' dir='ltr'><strong>in</strong></span> <span class='ocrx_word' id='word_1_151' title='bbox 655 3327 791 3395; x_wconf 86' lang='lat' dir='ltr'><strong>vincula</strong></span> <span class='ocrx_word' id='word_1_152' title='bbox 813 3327 933 3395; x_wconf 88' lang='lat' dir='ltr'><strong>ducere</strong></span> <span class='ocrx_word' id='word_1_153' title='bbox 956 3345 1080 3411; x_wconf 88' lang='lat' dir='ltr'><strong>parans</strong></span> <span class='ocrx_word' id='word_1_154' title='bbox 1103 3328 1304 3410; x_wconf 84' lang='lat' dir='ltr'><strong>collegarum</strong></span> <span class='ocrx_word' id='word_1_155' title='bbox 1323 3331 1562 3402; x_wconf 83' lang='lat' dir='ltr'><strong>intercessione</strong></span> 
     </span>
     <span class='ocr_line' id='line_1_22' title="bbox 366 3419 1190 3534; baseline -0.005 -16"><span class='ocrx_word' id='word_1_156' title='bbox 366 3452 421 3518; x_wconf 78' lang='lat' dir='ltr'><strong>est</strong></span> <span class='ocrx_word' id='word_1_157' title='bbox 442 3449 632 3534; x_wconf 67' lang='lat' dir='ltr'><strong>protrusus</strong></span> <span class='ocrx_word' id='word_1_158' title='bbox 654 3449 730 3534; x_wconf 83' lang='lat' dir='ltr'><strong>(nro</strong></span> <span class='ocrx_word' id='word_1_159' title='bbox 753 3448 848 3516; x_wconf 76' lang='lat' dir='ltr'><strong>cass.</strong></span> <span class='ocrx_word' id='word_1_160' title='bbox 873 3448 928 3534; x_wconf 84' lang='grc'><strong>11,</strong></span> <span class='ocrx_word' id='word_1_161' title='bbox 953 3419 1099 3515; x_wconf 67' lang='lat' dir='ltr'><strong>‘ss-se.</strong></span> <span class='ocrx_word' id='word_1_162' title='bbox 1124 3448 1190 3528; x_wconf 81' lang='grc'><strong>11).</strong></span> 
     </span>
    </p>

    <p class='ocr_par' dir='ltr' id='par_1_6' title="bbox 369 3570 1565 4022">
     <span class='ocr_line' id='line_1_23' title="bbox 414 3570 1562 3655; baseline 0.004 -17"><span class='ocrx_word' id='word_1_163' title='bbox 414 3571 454 3638; x_wconf 91' lang='lat' dir='ltr'><strong>In</strong></span> <span class='ocrx_word' id='word_1_164' title='bbox 473 3571 528 3638; x_wconf 90' lang='lat' dir='ltr'><strong>bis</strong></span> <span class='ocrx_word' id='word_1_165' title='bbox 544 3570 787 3638; x_wconf 80' lang='lat' dir='ltr'><strong>certaminibus</strong></span> <span class='ocrx_word' id='word_1_166' title='bbox 801 3570 843 3637; x_wconf 90' lang='lat' dir='ltr'><strong>de</strong></span> <span class='ocrx_word' id='word_1_167' title='bbox 858 3570 984 3637; x_wconf 80' lang='lat' dir='ltr'><strong>auxilio</strong></span> <span class='ocrx_word' id='word_1_168' title='bbox 999 3573 1117 3637; x_wconf 88' lang='lat' dir='ltr'><strong>contra</strong></span> <span class='ocrx_word' id='word_1_169' title='bbox 1132 3571 1370 3654; x_wconf 80' lang='lat' dir='ltr'><strong>protectionem</strong></span> <span class='ocrx_word' id='word_1_170' title='bbox 1386 3574 1562 3655; x_wconf 89' lang='lat' dir='ltr'><strong>Postumii,</strong></span> 
     </span>
     <span class='ocr_line' id='line_1_24' title="bbox 369 3690 1564 3776; baseline 0.003 -16"><span class='ocrx_word' id='word_1_171' title='bbox 369 3692 502 3776; x_wconf 83' lang='grc'><strong>11111111,</strong></span> <span class='ocrx_word' id='word_1_172' title='bbox 537 3691 651 3760; x_wconf 79' lang='lat' dir='ltr'><strong>Crassi</strong></span> <span class='ocrx_word' id='word_1_173' title='bbox 679 3690 749 3760; x_wconf 89' lang='lat' dir='ltr'><strong>lato</strong></span> <span class='ocrx_word' id='word_1_174' title='bbox 777 3708 967 3760; x_wconf 88' lang='lat' dir='ltr'><strong>sermonem</strong></span> <span class='ocrx_word' id='word_1_175' title='bbox 998 3708 1075 3759; x_wconf 89' lang='lat' dir='ltr'><strong>esse</strong></span> <span class='ocrx_word' id='word_1_176' title='bbox 1106 3709 1173 3759; x_wconf 92' lang='lat' dir='ltr'><strong>non</strong></span> <span class='ocrx_word' id='word_1_177' title='bbox 1204 3710 1304 3776; x_wconf 90' lang='lat' dir='ltr'><strong>posse</strong></span> <span class='ocrx_word' id='word_1_178' title='bbox 1334 3694 1407 3762; x_wconf 87' lang='lat' dir='ltr'><strong>luce</strong></span> <span class='ocrx_word' id='word_1_179' title='bbox 1441 3694 1564 3764; x_wconf 87' lang='lat' dir='ltr'><strong>clarius</strong></span> 
     </span>
     <span class='ocr_line' id='line_1_25' title="bbox 369 3814 1565 3900; baseline 0.002 -16"><span class='ocrx_word' id='word_1_180' title='bbox 369 3819 441 3900; x_wconf 86' lang='lat' dir='ltr'><strong>est;</strong></span> <span class='ocrx_word' id='word_1_181' title='bbox 469 3819 508 3884; x_wconf 87' lang='lat' dir='ltr'><strong>at</strong></span> <span class='ocrx_word' id='word_1_182' title='bbox 534 3819 652 3883; x_wconf 87' lang='lat' dir='ltr'><strong>contra</strong></span> <span class='ocrx_word' id='word_1_183' title='bbox 681 3814 836 3883; x_wconf 85' lang='lat' dir='ltr'><strong>tribunos</strong></span> <span class='ocrx_word' id='word_1_184' title='bbox 866 3831 925 3898; x_wconf 90' lang='lat' dir='ltr'><strong>pro</strong></span> <span class='ocrx_word' id='word_1_185' title='bbox 954 3816 1123 3896; x_wconf 85' lang='lat' dir='ltr'><strong>potestate</strong></span> <span class='ocrx_word' id='word_1_186' title='bbox 1153 3830 1215 3881; x_wconf 89' lang='lat' dir='ltr'><strong>sua</strong></span> <span class='ocrx_word' id='word_1_187' title='bbox 1236 3815 1392 3883; x_wconf 87' lang='lat' dir='ltr'><strong>consules</strong></span> <span class='ocrx_word' id='word_1_188' title='bbox 1414 3817 1565 3886; x_wconf 83' lang='lat' dir='ltr'><strong>vetuisse</strong></span> 
     </span>
     <span class='ocr_line' id='line_1_26' title="bbox 371 3936 858 4022; baseline -0.006 -18"><span class='ocrx_word' id='word_1_189' title='bbox 371 3937 505 4022; x_wconf 89' lang='lat' dir='ltr'><strong>incepta</strong></span> <span class='ocrx_word' id='word_1_190' title='bbox 526 3936 684 4019; x_wconf 84' lang='lat' dir='ltr'><strong>perlicere</strong></span> <span class='ocrx_word' id='word_1_191' title='bbox 706 3938 858 4020; x_wconf 88' lang='lat' dir='ltr'><strong>apparet.</strong></span> 
     </span>
    </p>

    <p class='ocr_par' dir='ltr' id='par_1_7' title="bbox 372 4057 1567 4384">
     <span class='ocr_line' id='line_1_27' title="bbox 416 4057 1565 4141; baseline 0.003 -16"><span class='ocrx_word' id='word_1_192' title='bbox 416 4057 565 4127; x_wconf 86' lang='lat' dir='ltr'><strong>Dilectus</strong></span> <span class='ocrx_word' id='word_1_193' title='bbox 595 4061 713 4126; x_wconf 89' lang='lat' dir='ltr'><strong>autem</strong></span> <span class='ocrx_word' id='word_1_194' title='bbox 742 4075 851 4141; x_wconf 93' lang='lat' dir='ltr'><strong>neque</strong></span> <span class='ocrx_word' id='word_1_195' title='bbox 880 4074 969 4125; x_wconf 89' lang='lat' dir='ltr'><strong>anno</strong></span> <span class='ocrx_word' id='word_1_196' title='bbox 1002 4058 1076 4140; x_wconf 87' lang='grc'><strong>110,</strong></span> <span class='ocrx_word' id='word_1_197' title='bbox 1109 4073 1217 4140; x_wconf 91' lang='lat' dir='ltr'><strong>neque</strong></span> <span class='ocrx_word' id='word_1_198' title='bbox 1245 4074 1336 4126; x_wconf 86' lang='lat' dir='ltr'><strong>anno</strong></span> <span class='ocrx_word' id='word_1_199' title='bbox 1368 4059 1412 4126; x_wconf 84' lang='lat' dir='ltr'><strong>bb</strong></span> <span class='ocrx_word' id='word_1_200' title='bbox 1435 4061 1565 4128; x_wconf 90' lang='lat' dir='ltr'><strong>tribuni</strong></span> 
     </span>
     <span class='ocr_line' id='line_1_28' title="bbox 372 4176 1567 4264; baseline 0.002 -18"><span class='ocrx_word' id='word_1_201' title='bbox 372 4178 533 4263; x_wconf 89' lang='lat' dir='ltr'><strong>impedire</strong></span> <span class='ocrx_word' id='word_1_202' title='bbox 561 4179 752 4248; x_wconf 75' lang='lat' dir='ltr'><strong>valuerunt.</strong></span> <span class='ocrx_word' id='word_1_203' title='bbox 784 4179 980 4262; x_wconf 79' lang='lat' dir='ltr'><strong>Antequam</strong></span> <span class='ocrx_word' id='word_1_204' title='bbox 1011 4176 1052 4245; x_wconf 89' lang='lat' dir='ltr'><strong>de</strong></span> <span class='ocrx_word' id='word_1_205' title='bbox 1079 4177 1143 4245; x_wconf 87' lang='lat' dir='ltr'><strong>hac</strong></span> <span class='ocrx_word' id='word_1_206' title='bbox 1172 4195 1209 4245; x_wconf 91' lang='lat' dir='ltr'><strong>re</strong></span> <span class='ocrx_word' id='word_1_207' title='bbox 1240 4182 1446 4264; x_wconf 86' lang='lat' dir='ltr'><strong>statuamus,</strong></span> <span class='ocrx_word' id='word_1_208' title='bbox 1478 4182 1567 4248; x_wconf 81' lang='lat' dir='ltr'><strong>vide</strong></span> 
     </span>
     <span class='ocr_line' id='line_1_29' title="bbox 372 4299 1366 4384; baseline 0 -18"><span class='ocrx_word' id='word_1_209' title='bbox 372 4316 479 4384; x_wconf 86' lang='lat' dir='ltr'><strong>amus,</strong></span> <span class='ocrx_word' id='word_1_210' title='bbox 502 4301 582 4384; x_wconf 91' lang='lat' dir='ltr'><strong>qnid</strong></span> <span class='ocrx_word' id='word_1_211' title='bbox 605 4301 648 4368; x_wconf 92' lang='lat' dir='ltr'><strong>de</strong></span> <span class='ocrx_word' id='word_1_212' title='bbox 669 4301 744 4368; x_wconf 85' lang='lat' dir='ltr'><strong>aliis</strong></span> <span class='ocrx_word' id='word_1_213' title='bbox 766 4300 944 4368; x_wconf 87' lang='lat' dir='ltr'><strong>dilectibus</strong></span> <span class='ocrx_word' id='word_1_214' title='bbox 967 4299 1139 4382; x_wconf 88' lang='lat' dir='ltr'><strong>impeditis</strong></span> <span class='ocrx_word' id='word_1_215' title='bbox 1162 4305 1280 4368; x_wconf 91' lang='lat' dir='ltr'><strong>notum</strong></span> <span class='ocrx_word' id='word_1_216' title='bbox 1303 4302 1366 4369; x_wconf 88' lang='lat' dir='ltr'><strong>sit:</strong></span> 
     </span>
    </p>

    <p class='ocr_par' dir='ltr' id='par_1_8' title="bbox 373 4419 1567 4868">
     <span class='ocr_line' id='line_1_30' title="bbox 418 4419 1565 4508; baseline 0.004 -20"><span class='ocrx_word' id='word_1_217' title='bbox 418 4421 521 4489; x_wconf 79' lang='lat' dir='ltr'><strong>Anno</strong></span> <span class='ocrx_word' id='word_1_218' title='bbox 544 4422 610 4488; x_wconf 85' lang='lat'><strong>169</strong></span> <span class='ocrx_word' id='word_1_219' title='bbox 632 4421 722 4502; x_wconf 74' lang='grc'><strong>(111.</strong></span> <span class='ocrx_word' id='word_1_220' title='bbox 745 4420 800 4502; x_wconf 84' lang='grc'><strong>43,</strong></span> <span class='ocrx_word' id='word_1_221' title='bbox 828 4420 890 4502; x_wconf 85' lang='grc'><strong>14),</strong></span> <span class='ocrx_word' id='word_1_222' title='bbox 914 4437 993 4486; x_wconf 88' lang='lat' dir='ltr'><strong>cnm</strong></span> <span class='ocrx_word' id='word_1_223' title='bbox 1016 4419 1159 4487; x_wconf 90' lang='lat' dir='ltr'><strong>dilectus</strong></span> <span class='ocrx_word' id='word_1_224' title='bbox 1177 4421 1321 4489; x_wconf 90' lang='lat' dir='ltr'><strong>habendi</strong></span> <span class='ocrx_word' id='word_1_225' title='bbox 1339 4425 1445 4491; x_wconf 86' lang='lat' dir='ltr'><strong>maior</strong></span> <span class='ocrx_word' id='word_1_226' title='bbox 1463 4443 1565 4508; x_wconf 86' lang='lat' dir='ltr'><strong>quom</strong></span> 
     </span>
     <span class='ocr_line' id='line_1_31' title="bbox 373 4540 1565 4631; baseline 0.003 -21"><span class='ocrx_word' id='word_1_227' title='bbox 373 4540 457 4610; x_wconf 88' lang='lat' dir='ltr'><strong>alias</strong></span> <span class='ocrx_word' id='word_1_228' title='bbox 478 4560 560 4610; x_wconf 87' lang='lat' dir='ltr'><strong>cura</strong></span> <span class='ocrx_word' id='word_1_229' title='bbox 580 4545 683 4621; x_wconf 85' lang='lat' dir='ltr'><strong>esset,</strong></span> <span class='ocrx_word' id='word_1_230' title='bbox 707 4542 851 4609; x_wconf 81' lang='lat' dir='ltr'><strong>Marcius</strong></span> <span class='ocrx_word' id='word_1_231' title='bbox 874 4540 1037 4608; x_wconf 84' lang='lat' dir='ltr'><strong>Servilius</strong></span> <span class='ocrx_word' id='word_1_232' title='bbox 1058 4541 1213 4610; x_wconf 90' lang='lat' dir='ltr'><strong>consules</strong></span> <span class='ocrx_word' id='word_1_233' title='bbox 1235 4545 1270 4611; x_wconf 93' lang='lat' dir='ltr'><strong>in</strong></span> <span class='ocrx_word' id='word_1_234' title='bbox 1294 4549 1416 4614; x_wconf 90' lang='lat' dir='ltr'><strong>senatu</strong></span> <span class='ocrx_word' id='word_1_235' title='bbox 1436 4547 1565 4631; x_wconf 90' lang='lat' dir='ltr'><strong>plebem</strong></span> 
     </span>
     <span class='ocr_line' id='line_1_32' title="bbox 373 4663 1566 4748; baseline 0.004 -17"><span class='ocrx_word' id='word_1_236' title='bbox 373 4665 588 4742; x_wconf 84' lang='lat' dir='ltr'><strong>accusabant,</strong></span> <span class='ocrx_word' id='word_1_237' title='bbox 610 4663 699 4748; x_wconf 89' lang='lat' dir='ltr'><strong>quod</strong></span> <span class='ocrx_word' id='word_1_238' title='bbox 721 4666 757 4731; x_wconf 92' lang='lat' dir='ltr'><strong>et</strong></span> <span class='ocrx_word' id='word_1_239' title='bbox 779 4663 928 4730; x_wconf 90' lang='lat' dir='ltr'><strong>iuniores</strong></span> <span class='ocrx_word' id='word_1_240' title='bbox 950 4679 1018 4729; x_wconf 91' lang='lat' dir='ltr'><strong>non</strong></span> <span class='ocrx_word' id='word_1_241' title='bbox 1041 4664 1293 4745; x_wconf 88' lang='lat' dir='ltr'><strong>responderent.</strong></span> <span class='ocrx_word' id='word_1_242' title='bbox 1314 4667 1363 4734; x_wconf 89' lang='lat' dir='ltr'><strong>De</strong></span> <span class='ocrx_word' id='word_1_243' title='bbox 1381 4669 1566 4736; x_wconf 82' lang='lat' dir='ltr'><strong>excusatio</strong></span> 
     </span>
     <span class='ocr_line' id='line_1_33' title="bbox 374 4783 1567 4868; baseline 0.004 -16"><span class='ocrx_word' id='word_1_244' title='bbox 374 4784 474 4853; x_wconf 90' lang='lat' dir='ltr'><strong>nibus</strong></span> <span class='ocrx_word' id='word_1_245' title='bbox 501 4784 631 4853; x_wconf 93' lang='lat' dir='ltr'><strong>mentio</strong></span> <span class='ocrx_word' id='word_1_246' title='bbox 654 4785 746 4853; x_wconf 88' lang='lat' dir='ltr'><strong>nulla</strong></span> <span class='ocrx_word' id='word_1_247' title='bbox 767 4784 880 4868; x_wconf 85' lang='lat' dir='ltr'><strong>flebat,</strong></span> <span class='ocrx_word' id='word_1_248' title='bbox 903 4783 961 4852; x_wconf 90' lang='lat' dir='ltr'><strong>sed</strong></span> <span class='ocrx_word' id='word_1_249' title='bbox 986 4783 1236 4866; x_wconf 73' lang='lat' dir='ltr'><strong>postulantibus</strong></span> <span class='ocrx_word' id='word_1_250' title='bbox 1258 4788 1404 4857; x_wconf 86' lang='lat' dir='ltr'><strong>tribunis</strong></span> <span class='ocrx_word' id='word_1_251' title='bbox 1426 4789 1567 4857; x_wconf 88' lang='lat' dir='ltr'><strong>dilectus</strong></span> 
     </span>
    </p>
   </div>
   <div class='ocr_carea' id='block_1_3' title="bbox 0 0 1941 6006">
    <p class='ocr_par' dir='ltr' id='par_1_9' title="bbox 0 0 1941 6006">
     <span class='ocr_line' id='line_1_34' title="bbox 0 0 1941 6006; baseline 0 0"><span class='ocrx_word' id='word_1_252' title='bbox 0 0 1941 6006; x_wconf 95' lang='lat' dir='ltr'><strong> </strong></span> 
     </span>
    </p>
   </div>
  </div>
 </body>
</html>
