4134 6140
941 929 1003 994 291

421 1112 583 1191 Προσυπον
614 1131 717 1182 σθησιν
749 1112 859 1179 nudae
889 1129 1051 1193 personae
1083 1127 1189 1194 paene
1219 1128 1287 1177 non
1310 1110 1453 1177 occurrit
1479 1109 1569 1192 apud

378 1235 521 1302 Graecos
544 1237 709 1302 auctores.
734 1233 893 1315 Exceptis
913 1233 1022 1299 dubiis
1042 1231 1169 1314 aliquot
1184 1231 1265 1298 loeis
1283 1232 1371 1314 apud
1392 1230 1569 1316 Polybium

377 1374 407 1423 a.
432 1356 508 1422 Obr.
532 1373 599 1423 non
621 1355 761 1437 logicum
785 1373 817 1437 p.
842 1354 918 1420 Chr.
942 1355 1089 1436 prImum
1113 1355 1148 1420 in
1173 1355 1291 1436 quinto
1313 1353 1423 1421 seculo
1442 1353 1569 1419 indubi-

377 1481 449 1544 tate
469 1480 655 1560 usurpatur
673 1477 709 1542 in
727 1476 1028 1543 constitutionibus
1046 1477 1082 1541 et
1100 1475 1228 1555 legibus
1247 1475 1304 1540 nbi
1323 1473 1467 1540 Latinus
1485 1491 1570 1540 usus

378 1600 552 1679 tamquam
581 1598 774 1681 exemplum
805 1595 880 1680 fuit,
912 1599 952 1662 ut
976 1595 1258 1663 Scblossmannus
1279 1594 1464 1662 luculenter
1487 1595 1570 1660 mibi

378 1719 513 1787 uretur
534 1721 796 1787 demonstrasse.

423 1961 548 2029 Montio
571 1962 654 2029 mibi
676 1965 793 2028 tamen
817 1961 968 2028 iacienda
990 1964 1043 2028 est
1067 1979 1151 2029 usus
1174 1961 1266 2028 vocis
1290 1960 1446 2039 προσώπου
1469 1976 1569 2042 quem

378 2082 577 2151 offendimus
598 2085 634 2149 in
657 2083 785 2150 (lraeca
806 2085 960 2151 versione
978 2083 1115 2153 Veteris
1135 2085 1345 2152 Testamenti
1366 2087 1402 2151 et
1421 2084 1456 2149 in
1476 2082 1570 2150 libris

378 2203 465 2272 Novi
488 2205 653 2272 Foederis
677 2205 842 2272 Hebraico
861 2224 928 2273 vox
948 2212 1021 2295 obp
1041 2207 1160 2273 faciem
1179 2206 1343 2273 denotans
1362 2206 1449 2288 apud
1470 2205 1571 2271 LXX

378 2327 524 2392 vertitur
542 2322 709 2405 προσοπον.
733 2325 960 2394 coniunctum
984 2344 1062 2394 cum
1084 2327 1243 2408 genetivo
1263 2327 1386 2408 legitur
1405 2326 1569 2405 ἀνθρώπου,

379 2445 506 2525 δικαίου,
526 2447 679 2528 ἄγγελον,
700 2449 782 2532 ircim
802 2449 870 2516 imo
888 2452 1069 2515 occurrunt
1088 2447 1245 2527 πρόσωπον
1257 2456 1442 2526 σννοιγσνγνῑσ
1455 2447 1570 2527 (Num.

378 2569 450 2634 XX
479 2571 524 2647 6),
553 2569 624 2634 νοῶν
654 2568 780 2648 Ἰσραήλ
811 2569 924 2647 (Num.
948 2569 1053 2635 XXII
1077 2570 1121 2646 3),
1143 2570 1350 2653 animalium,
1376 2569 1569 2652 ilumomm,

378 2707 511 2772 manus,
543 2689 677 2773 pedum,
706 2689 804 2773 ignis,
838 2693 961 2766 metus,
996 2691 1074 2769 irae,
1109 2690 1195 2772 belli,
1229 2690 1385 2773 nominis,
1418 2690 1571 2756 omnium

377 2827 500 2876 rerum.
532 2810 618 2877 cum
650 2810 952 2894 praepositionibus
982 2811 1206 2892 compositum
1236 2817 1310 2900 nito
1341 2828 1476 2878 omnem
1499 2829 1571 2894 pro·

377 2930 489 3012 prium
508 2947 648 2998 mosum
666 2931 793 3009 amisit,
813 2936 849 2998 et
867 2932 980 3014 ipsum
999 2933 1200 3014 pmepositio
1219 2931 1345 2998 iactum
1359 2933 1412 2997 est
1425 2929 1461 3012 1).
1482 2933 1571 2997 Hinc

377 3051 472 3119 facile
506 3053 726 3133 intelligimus
760 3053 925 3135 quomodo
956 3056 1071 3137 patres
1105 3055 1142 3120 et
1171 3056 1325 3120 auctores
1355 3053 1571 3119 ecclesiastici

378 3173 538 3240 vocabulo
572 3171 731 3253 προσώπου
753 3174 808 3240 usi
830 3174 964 3240 sintela
987 3175 1088 3241 rebus
1111 3178 1187 3241 tum
1211 3172 1401 3241 visibilibus
1424 3177 1499 3240 tum
1523 3174 1571 3239 in-

377 3292 573 3380 visibilibus,
598 3299 640 3360 ult
661 3294 750 3377 apud
773 3295 952 3376 Origenem
975 3294 1332 3374 occurruntaptcuemv
1354 3303 1409 3370 τῆς
1431 3299 1570 3375 γραφῆς,

377 3422 432 3489 πῆς
455 3405 575 3498 ψυχῆς,
598 3415 687 3497 apud
711 3413 907 3481 Nestorium
930 3423 985 3490 nic
1010 3415 1144 3494 φύσεος.

422 3535 462 3602 In
484 3535 578 3602 libris
601 3532 643 3600 N.
668 3535 705 3601 I'.
733 3535 885 3618 exceptis
908 3537 1086 3603 IohanneIs
1109 3537 1244 3621 scriptis
1267 3538 1462 3621 saepissime
1483 3537 1571 3618 προσ·

376 3677 457 3720 σνπσν
487 3655 617 3739 faciem,
643 3655 779 3722 vultum
808 3656 937 3723 indicat
967 3663 1012 3736 (v.
1033 3675 1061 3724 c.
1093 3657 1165 3725 Gal.
1188 3660 1205 3726 I
1228 3660 1270 3725 22
1302 3659 1504 3738 ἀγνοούμενος
1530 3663 1572 3741 τῷ

377 3775 524 3858 προσώπῳ
558 3783 630 3847 ποεῖς
665 3775 877 3860 canapinam
912 3782 1095 3845 occurrunt
1128 3781 1232 3847 eliam
1262 3780 1417 3858 πρόσωπον
1448 3782 1572 3847 σοὶνσσον

377 3903 437 3962 σῶν
467 3901 562 3976 λαῶν,
595 3901 650 3962 τοῦ
673 3896 835 3976 συνεδρίου,
860 3896 964 3974 πάσης
988 3907 1043 3974 σοῖς
1068 3907 1140 3978 γῆς,
1164 3909 1219 3976 σῆς
1243 3900 1340 3981 ὄφεος
1364 3905 1481 3985 (Apoc.
1503 3905 1572 3971 XII

380 4021 446 4100 14).
479 4017 594 4086 Affero
617 4017 702 4084 κυποὶ
725 4014 883 4099 πρόσωπον
906 4036 1019 4087 coram
1043 4025 1205 4102 (com-us),
1237 4024 1271 4088 in
1295 4026 1503 4107 praesentim
1536 4027 1572 4091 πὸ

378 4140 464 4206 νεοσσοὶ
487 4138 645 4220 uinctos
667 4141 754 4223 quod
777 4140 881 4207 oculis
904 4142 1104 4208 obversatur
1117 4139 1153 4224 ²).

423 4262 546 4329 Reum
563 4261 668 4330 series
687 4260 835 4330 locorum
854 4263 912 4330 ubi
931 4264 1090 4347 leguntur
1109 4263 1265 4344 πρόσωπον
1282 4265 1468 4342 λαμβάνειν,
1485 4289 1573 4344 προσ-

376 4383 581 4461 ωπολημψία,
612 4385 897 4463 προσωσδλνμπσσσ
922 4387 1012 4453 talia.
1048 4387 1151 4453 Hisce
1173 4388 1254 4454 locis
1277 4390 1420 4454 externa
1442 4389 1571 4470 species

377 4504 585 4587 desIgnatur,
620 4505 767 4572 modicis
801 4506 974 4588 splendida
1008 4511 1068 4573 aut
1103 4507 1262 4590 humilis;
1302 4507 1359 4590 qui
1393 4526 1571 4592 personam

414 4733 438 4795 1)
462 4732 475 4782 Ι
493 4731 582 4782 Obrue.
605 4730 711 4781 xxviii
728 4730 743 4780 8
766 4731 835 4780 οσονπὲ
853 4733 981 4793 πρόσωπον
997 4731 1081 4791 πάσης
1100 4731 1235 4792 lunaelac
1252 4734 1334 4796 οιυρΙον
1353 4734 1394 4784 καὶ
1412 4732 1437 4786 ἓν
1456 4733 1502 4784 bet
1519 4733 1573 4784 troil

379 4813 447 4878 iper
464 4831 513 4865 non
530 4813 604 4864 iacies
620 4814 663 4863 red
680 4813 746 4863 oculi
763 4813 883 4864 Hebraico
900 4814 1022 4880 leguntur.

414 4897 439 4964 Β)
456 4896 512 4948 uel.
528 4897 555 4946 11
573 4896 602 4946 11
622 4901 647 4945 et
667 4896 698 4944 14
714 4897 783 4946 κατὰ
799 4899 928 4960 πρόσωπον
945 4897 1124 4961 attriverint
1141 4897 1241 4949 πάντων
1258 4901 1361 4951 iortmc
1377 4900 1450 4954 idem.
