3848 6006
927 852 994 923 132

357 1045 854 1128 domumculam
896 1032 1552 1125 mahumisnmfoetolenim

357 1170 516 1246 nammis,
547 1186 651 1252 quem
679 1164 914 1249 petulantibus
943 1166 1102 1247 appetere
1123 1160 1225 1227 dictis
1246 1157 1304 1225 alii
1325 1173 1393 1224 non
1417 1170 1553 1237 semper

359 1291 432 1357 sint
453 1290 565 1356 veriti

402 1412 477 1479 lam
518 1412 595 1495 quis
628 1409 683 1476 ille
717 1426 839 1475 versus
870 1410 964 1474 emet
998 1406 1119 1473 statim
1153 1408 1195 1470 nt
1228 1402 1345 1487 opinor
1376 1396 1554 1466 divinasti.

358 1533 497 1614 legitur
518 1533 599 1599 Hor.
624 1530 697 1613 Bpl.
719 1529 745 1612 i,
770 1529 824 1611 le,
849 1527 910 1596 15:

553 1653 660 1735 Rupit
681 1651 845 1718 Iarbitam
867 1649 1061 1731 Timagenis
1082 1647 1217 1716 aemule
1238 1646 1353 1727 lingua

359 1775 472 1857 ibique
501 1791 561 1856 pro
590 1776 713 1856 baono
741 1776 778 1840 et
807 1771 874 1839 alia
901 1775 958 1838 est
980 1772 1015 1837 in
1040 1769 1242 1854 quibusdam
1264 1766 1433 1835 codicibus
1455 1765 1557 1833 lectio

362 1913 454 1976 oeno,
485 1912 588 1977 quam
622 1895 789 1962 hactenns
817 1911 938 1961 omnes
970 1892 1116 1960 editores
1144 1890 1317 1972 critioique
1339 1890 1557 1972 spreverunt

362 2016 414 2082 At
434 2032 496 2099 ego
520 2016 618 2083 unice
640 2032 757 2083 veram
780 2032 856 2082 eam
878 2032 956 2083 esse
977 2012 1142 2082 contendo
1162 2010 1347 2094 clamaque
1369 2006 1559 2075 Videamus

361 2136 505 2217 singula

408 2257 533 2324 Iarbita
563 2257 617 2326 ille
646 2260 725 2343 quis
753 2260 855 2327 fuerit
885 2277 946 2344 pro
974 2262 1067 2327 certo
1096 2256 1205 2325 statui
1234 2257 1303 2323 mm
1333 2270 1400 2321 non
1429 2254 1558 2336 potest

362 2377 428 2444 Sed
458 2377 593 2445 videtur
623 2380 712 2446 baud
742 2380 918 2448 dissimilis
947 2380 1054 2447 misse
1079 2379 1145 2446 viri
1165 2377 1255 2445 illins
1276 2376 1437 2459 opulenti,
1459 2375 1560 2441 cuius

362 2517 406 2567 ex
440 2499 563 2566 ultimo
596 2502 733 2570 Oriente
762 2503 909 2570 Parisios
935 2502 1048 2586 deleti,
1078 2502 1137 2568 ubi
1165 2499 1321 2583 luporum
1350 2497 1560 2564 urbanorum

363 2621 487 2704 praeda
515 2623 628 2689 tectus
656 2629 722 2701 est,
755 2625 909 2691 miserias
935 2626 1039 2707 atque
1059 2639 1242 2691 aerumnas
1263 2621 1344 2687 dcta
1365 2616 1561 2685 uenatione

362 2742 494 2824 egregie
515 2742 669 2827 depinxit
687 2745 883 2828 Alpbonsns
899 2744 1043 2812 Daudet
1063 2744 1180 2827 Neque
1198 2741 1346 2809 multum
1364 2739 1562 2823 proficimus

364 2864 531 2947 corruptis
560 2866 677 2933 scholii
707 2868 821 2936 verbis
849 2866 1002 2954 ¹‚regione
1024 2883 1080 2934 me
1101 2866 1169 2933 tbit
1191 2863 1354 2933 comus.”
1376 2862 1469 2945 erae
1491 2879 1562 2929 eor-

364 2987 471 3068 rigere
505 2987 683 3055 studentes
716 2989 824 3056 aritia
859 2988 894 3054 in
924 3006 965 3055 eo
991 2988 1074 3055 mibi
1096 3002 1208 3055 errare
1229 2986 1375 3071 plerique
1396 2984 1563 3052 videntur

364 3108 452 3190 quod
484 3125 507 3176 a
535 3110 673 3176 nomine
702 3110 791 3192 quod
819 3114 876 3176 est
907 3109 1038 3176 doram
1067 3126 1135 3177 non
1164 3107 1392 3178 abstinuerint
1422 3123 1562 3175 manus

364 3229 610 3312 Intempestive
636 3232 728 3298 enim
746 3232 957 3299 recordatum
978 3231 1195 3299 scholiastam
1212 3229 1364 3313 suspicor
1382 3226 1563 3309 virgiliani

368 3354 589 3437 „rumpantur
618 3356 659 3418 ut
681 3352 738 3419 ilia
760 3352 865 3420 codro
887 3353 937 3436 (v.
948 3353 970 3418 l.
994 3351 1148 3433 cordo),'’
1171 3352 1273 3419 verbo
1296 3369 1328 3434 q.
1350 3367 1381 3417 a
1402 3351 1503 3436 mpii
1525 3348 1563 3416 in

366 3487 513 3539 errorem
544 3472 734 3540 inductum.
766 3473 831 3541 Sed
858 3473 920 3541 boc
949 3475 1051 3542 mitto
1073 3477 1194 3559 utpote
1215 3476 1250 3541 in
1275 3473 1339 3541 bac
1361 3473 1563 3558 quaestione

367 3593 507 3659 minoris
530 3594 705 3662 momenti.

413 3712 512 3781 Plura
549 3732 654 3798 eaque
689 3716 865 3785 disertiora
895 3718 936 3784 de
967 3718 1148 3800 Timagene
1178 3718 1275 3786 nobis
1306 3722 1390 3785 sunt
1420 3718 1562 3786 tradita.

366 3835 482 3918 Amne
511 3834 553 3901 de
580 3835 700 3916 linquo
730 3835 866 3917 quidem
889 3835 963 3902 eius
985 3839 1131 3903 constat
1154 3836 1236 3902 Fuit
1257 3836 1357 3903 bomo
1379 3837 1563 3919 protervus

366 3956 425 4039 qui
459 3955 710 4040 ineptissimum
746 3957 782 4022 in
817 3956 955 4024 modum
990 3974 1091 4040 saepe
1124 3957 1380 4042 potentissimos
1412 3955 1563 4023 laederet

367 4082 537 4161 patronos,
592 4077 874 4159 quemadmodum
919 4078 1125 4162 lepidissima
1169 4079 1265 4146 docet
1308 4079 1565 4147 narratiuncula

367 4199 494 4266 Seneca
524 4198 578 4277 (de
608 4199 662 4265 Ira
693 4199 751 4276 111,
778 4201 836 4282 23)
860 4202 896 4267 et
920 4203 1095 4268 testantur
1116 4199 1172 4268 alii
1195 4202 1305 4280 (velut
1328 4201 1416 4270 Plut.
1440 4200 1562 4284 Quom.

366 4319 455 4388 adul.
480 4322 524 4387 68
548 4322 586 4399 Β,
611 4321 746 4403 Quaest.
772 4320 877 4388 (lonv.
901 4322 967 4389 634
991 4322 1044 4400 Ε).

414 4441 529 4524 Neque
560 4442 602 4508 de
631 4443 721 4509 conob
751 4445 825 4510 eius
849 4442 977 4511 siletur.
1000 4444 1066 4510 Sed
1088 4443 1143 4512 hic
1164 4445 1376 4527 grammatici
1399 4445 1440 4512 de
1464 4444 1564 4513 malis

368 4564 565 4646 scribentes,
596 4581 682 4646 quae
712 4567 748 4630 et
779 4563 825 4630 illi
854 4568 890 4631 et
912 4565 1077 4633 imitatori
1099 4567 1174 4633 eius
1196 4567 1393 4650 aemulaque
1415 4566 1563 4634 Iarbitae

368 4699 470 4751 cenae
492 4685 682 4763 attulerint,
704 4686 896 4768 nescioquid
918 4687 958 4755 de
977 4687 1092 4755 morbo
1111 4689 1294 4755 commenti
1314 4693 1397 4756 sunt
1415 4687 1564 4767 funesto,

368 4805 403 4871 in
425 4821 525 4888 quem
549 4808 690 4888 uterque
713 4809 820 4875 nimia
842 4809 1026 4877 voracitate
1050 4809 1214 4877 inciderit.
1238 4810 1293 4877 Sic
1315 4809 1500 4894 Porphyrio
1523 4810 1565 4877 de
