3848 6006
549 1645 599 1729 li
629 1646 795 1730 cassium
826 1649 972 1730 llionem
1003 1648 1066 1746 ut
1096 1648 1132 1746 8,
1160 1649 1193 1732 7.

819 1874 930 1912 ΒΟΒΙΡΕΠ

658 2052 701 2119 U.
727 2052 790 2120 Pa.
815 2052 1087 2121 BOISSEVAIN.

326 2468 432 2554 „Quot
454 2467 521 2533 iam
547 2468 682 2549 rugaoes
704 2465 809 2550 elapsi
832 2471 914 2534 sunt
936 2469 1019 2535 anni
1041 2485 1084 2535 ex
1106 2486 1171 2552 quo
1194 2469 1373 2536 admodum
1393 2471 1469 2536 adu·

276 2586 482 2656 lescentulus
515 2590 762 2657 Amstelodami
795 2591 830 2656 in
865 2590 1043 2658 Athenaeo
1076 2589 1202 2657 illustri
1237 2591 1358 2659 scholis
1388 2593 1470 2659 Tuis

277 2713 441 2781 interesse
459 2713 582 2796 coepi”.
603 2715 668 2781 His
689 2715 800 2781 verbis
818 2714 896 2781 olim
918 2715 1121 2796 magistrum
1131 2715 1381 2796 sexagesimum
1393 2718 1470 2783 tum

277 2853 404 2903 annum
424 2840 582 2919 agentem
600 2836 820 2921 compellabat
839 2837 1022 2920 discipulus
1041 2841 1160 2918 gratus
1172 2838 1470 2922 beneficiorumque

278 2957 314 3023 in
332 2976 369 3025 se
387 2958 583 3026 collatorum
597 2959 686 3026 haud
699 2958 874 3025 inmemor.
887 2958 975 3025 Exin
987 2959 1233 3041 praeterierunt
1244 2958 1326 3026 anni
1337 2959 1469 3042 viginti,

277 3097 340 3147 nec
373 3083 489 3148 tamen
524 3081 584 3164 qui
612 3080 845 3162 octogenarius
876 3096 967 3147 nunc
996 3083 1051 3146 est
1080 3081 1299 3161 sexagenario
1332 3079 1385 3147 1110
1418 3079 1470 3147 vel

221 3289 224 3294 ³
277 3202 384 3269 animi
407 3202 460 3270 vel
482 3203 628 3285 corporis
649 3203 779 3270 viribus
802 3201 910 3269 multo
933 3202 1069 3269 videtur
1090 3203 1235 3269 inferior.

327 3324 441 3406 Pergis
471 3325 576 3392 etiam
605 3325 712 3408 hodie,
742 3342 936 3408 quanquam
965 3340 987 3390 a
1011 3324 1150 3391 docendi
1173 3340 1312 3391 munere
1334 3341 1470 3401 vacans,

279 3449 395 3514 tamen
418 3463 481 3514 nos
502 3463 631 3530 omnes,
651 3445 832 3530 philologos
851 3446 1010 3529 Batavos,
1030 3446 1184 3529 exemplo
1203 3446 1273 3513 'luo
1284 3447 1472 3529 praecipere

278 3568 357 3652 quid
390 3585 475 3651 opus
504 3568 552 3634 011
582 3568 687 3636 1001οε
719 3572 759 3634 01
788 3585 974 3650 numquam
997 3567 1192 3635 intermisso
1215 3568 1325 3635 labore
1347 3568 1472 3635 litteris

279 3692 406 3757 nostris
428 3708 535 3774 usque
557 3690 678 3757 demus
696 3707 842 3773 operam,
862 3689 1042 3772 discipulos
1064 3693 1198 3756 nostros
1216 3706 1329 3755 amore
1348 3689 1472 3756 studio·

279 3831 356 3880 rum
386 3813 591 3890 immamus,
614 3812 677 3879 hoc
699 3810 828 3893 agendo
850 3809 989 3892 gloriam
1012 3812 1189 3892 captemus
1208 3827 1277 3876 non
1298 3810 1394 3876 nobis
1413 3810 1471 3876 sed

278 3936 418 4019 patriae.

325 4057 409 4140 Quid
436 4057 540 4138 igitur
561 4057 687 4123 mirum
710 4056 740 4124 si
763 4056 825 4123 hoc
847 4055 936 4122 laeto
958 4054 1022 4131 die,
1046 4070 1111 4136 quo
1130 4057 1252 4136 quarta
1272 4054 1344 4120 Tua
1363 4053 1474 4119 vicen·

280 4177 370 4246 00110
391 4177 548 4255 celebrae,
571 4195 692 4246 omnes
713 4179 837 4261 quibus
860 4178 912 4243 Tu
935 4192 1120 4258 omnesque
1141 4176 1264 4257 quibus
1284 4175 1417 4242 litterae
1436 4176 1473 4240 in

279 4301 390 4383 patria
411 4303 527 4368 nostra
550 4299 641 4367 cordi
658 4303 751 4380 sunt,
771 4299 980 4366 conveniunt
998 4301 1037 4364 ut
1047 4300 1216 4379 quantum
1227 4296 1274 4362 'l'e
1286 4296 1473 4379 suspiciant

280 4424 463 4505 amantque
486 4421 598 4504 palam
623 4421 696 4487 Tibi
719 4420 896 4488 declarent.
1491 4491 1493 4497 ,

327 4543 548 4614 comantem
567 4542 857 4626 circumspicerem
877 4541 1046 4624 quodnam
1065 4540 1152 4608 festo
1166 4541 1219 4608 <lie
1233 4539 1473 4608 munusculum

282 4665 355 4732 Tibi
378 4664 545 4743 offerrem,
568 4662 698 4731 nullum
721 4662 836 4745 aptius
858 4663 930 4728 dari
953 4679 1051 4745 posse
1075 4663 1237 4745 putabam
1261 4678 1363 4744 quam
1385 4661 1473 4743 quod

281 4785 429 4870 petitum
450 4789 543 4855 00001
565 4803 585 4854 0
607 4784 714 4853 Dione
737 4784 862 4864 (lessio,
886 4785 941 4851 cui
964 4785 1037 4867 ipse
1061 4784 1111 4850 Tu
1134 4787 1315 4865 postquam
1335 4782 1414 4849 olim
1434 4783 1474 4849 de
