3848 6006
939 802 983 868 38

362 988 595 1055 fundamentis
639 987 760 1071 quibus
794 987 890 1054 crisis
927 986 1051 1055 Dionea
1084 986 1150 1053 niti
1184 987 1320 1054 deberet
1354 987 1557 1072 disseruisti,

362 1109 540 1194 perutilem
559 1128 692 1194 semper
710 1127 845 1192 operam
865 1111 1019 1188 navasti3
1039 1127 1182 1192 quorum
1202 1109 1392 1177 studiorum
1407 1110 1557 1179 Tuomm

363 1233 496 1300 fructus
519 1233 611 1316 mihi,
636 1233 690 1300 cui
713 1233 749 1299 in
772 1232 891 1316 primis
910 1233 997 1313 grati
1017 1248 1092 1299 esse
1111 1233 1279 1317 deberent,
1300 1233 1407 1300 amice
1424 1250 1559 1316 semper

363 1359 400 1422 et
422 1355 654 1422 liberalissime
676 1354 820 1421 utendos
842 1354 1036 1437 permisisti.

408 1600 514 1666 Extat
553 1599 641 1682 apud
673 1598 830 1666 Cassium
860 1598 1000 1666 Dionem
1030 1600 1113 1666 libro
1143 1599 1354 1681 sexagesimo
1378 1598 1471 1668 locus
1494 1617 1561 1668 cer·

363 1724 496 1804 ruptus,
528 1721 583 1787 cui
614 1720 692 1788 inde
723 1738 745 1786 a
775 1720 951 1805 Xylandro
982 1720 1047 1788 viri
1077 1720 1165 1787 docti
1198 1720 1301 1788 variis
1332 1721 1440 1789 modis
1462 1739 1562 1805 opem

364 1844 451 1911 forre
480 1844 592 1911 cenati
623 1847 706 1909 sunt
737 1859 798 1909 nec
822 1846 951 1921 tamen,
973 1843 1003 1910 si
1028 1843 1108 1926 quid
1132 1843 1238 1920 video,
1263 1844 1312 1910 ita
1333 1845 1375 1910 ut
1397 1846 1562 1911 sanatum

364 1966 496 2033 credere
527 1963 646 2047 possis.
671 1963 809 2045 Legitur
832 1965 941 2047 capito
964 1965 1045 2031 VIII
1068 1968 1130 2047 θλ
1155 1965 1213 2032 ubi
1232 1966 1298 2032 duo
1317 1964 1420 2032 duces
1439 1966 1562 2034 Roma·

364 2103 485 2154 norum
506 2104 527 2153 a
550 2086 700 2153 barbaris
724 2085 898 2152 victoriam
918 2088 1108 2168 reportasse
1128 2086 1356 2168 perhibentur.
1378 2086 1486 2152 καίτοι
1507 2087 1561 2154 καί

364 2205 462 2289 τούτῳ
496 2208 538 2288 τῷ
572 2203 633 2270 ίτιι
664 2207 776 2290 inquit
813 2244 847 2253 -
880 2223 993 2273 annus
1024 2210 1079 2274 est
1110 2209 1150 2273 41
1186 2225 1217 2289 p.
1250 2206 1326 2274 Chr.
1359 2225 1390 2273 n.
1423 2245 1457 2255 ψ
1486 2203 1562 2275 ὅτι

364 2329 497 2409 Γάλβας
529 2328 544 2394 i
576 2327 756 2400 Σουλπίκιος
791 2326 930 2400 Χάττους
963 2325 1113 2408 ἐκράτησε
1145 2327 1197 2392 καί
1230 2326 1382 2400 Πούπλιος
1414 2329 1562 2407 Γαβίνιος

361 2452 572 2534 Μαυρουσίους
593 2452 718 2527 υιιιιίοας
739 2451 782 2516 τοί
802 2473 838 2515 τε
858 2447 946 2515 ἄλλα
965 2449 1146 2526 εὐδοκίμησε
1159 2452 1212 2515 καί
1226 2449 1561 2534 οίιτὸυοορατιυτιιιίυ,

361 2573 393 2650 ὃς
417 2575 506 2655 μίυος
531 2571 576 2640 ἔτι
600 2575 673 2655 παρ’
700 2574 806 2646 αὐτοῖς
832 2573 864 2638 ἐκ
888 2581 945 2647 τῆς
971 2572 1093 2654 Οὐάρου
1115 2576 1281 2654 συμφορᾶς
1306 2569 1351 2654 ἦν,
1380 2574 1560 2658 ίκομίοατο,

360 2701 399 2771 ele
424 2698 476 2765 καί
501 2697 613 2773 dantia
637 2693 732 2775 ίυοριοι
752 2693 973 2776 αὐτοκράτορος
993 2696 1051 2760 ἀπ’
1073 2694 1258 2777 οίρςφοτίριιυ
1276 2701 1364 2776 οΦυυ
1384 2695 1436 2762 τὸν
1457 2697 1563 2764 Κλαυ-

361 2821 422 2888 lov
460 2820 583 2899 λαβιῑι.
623 2821 677 2887 Ita
706 2820 810 2887 codex
843 2819 997 2885 Venetus
1027 2815 1218 2885 Marcianus
1249 2836 1283 2884 n.
1316 2817 1393 2896 395,
1425 2836 1448 2886 a
1482 2838 1560 2904 quo,

361 2948 401 3011 ut
438 2947 560 3010 notum
603 2940 686 3025 Tibi,
729 2939 833 3007 ceteri
868 2937 1016 3021 pendent
1049 2955 1179 3007 omnes.
1215 2941 1255 3007 In
1289 2940 1412 3023 quibus
1445 2943 1562 3010 verbis

360 3080 479 3131 vocem
500 3061 712 3143 Μαυρουσίους
736 3064 829 3128 stare
851 3076 919 3126 non
938 3076 1037 3143 posse
1056 3059 1091 3126 in
1110 3062 1223 3142 aprico
1234 3065 1307 3128 est:
1328 3062 1561 3132 Mauretaniae

360 3185 478 3253 incolis
501 3185 556 3252 hic
578 3184 715 3252 omnine
738 3184 831 3252 Iocus
853 3198 929 3249 esse
953 3182 1081 3265 nequit,
1105 3199 1184 3249 cum
1207 3200 1251 3249 ex
1270 3183 1313 3250 iis
1333 3200 1418 3267 quae
1437 3187 1561 3256 statim

360 3310 548 3391 sequantur
569 3309 730 3390 appareat
752 3304 989 3372 Germanicam
1012 3308 1149 3384 gentem
1172 3304 1307 3387 requiri.
1330 3305 1439 3388 Quare
1457 3325 1561 3392 popu-

359 3431 467 3498 lorum
499 3429 693 3496 nominibus
722 3427 813 3494 inter
844 3443 881 3492 se
911 3424 1020 3493 locum
1053 3429 1187 3492 mutare
1216 3426 1320 3494 iussis
1351 3428 1401 3494 ita
1423 3429 1561 3514 scripsit

360 3550 537 3618 Bekkerus
565 3545 584 3614 ὅ
613 3572 648 3614 τε
682 3547 816 3626 Γοίλβας
845 3547 859 3614 ί
884 3545 1067 3620 Σουλπίκιος
1091 3547 1305 3626 Μαυρουσίους
1329 3548 1481 3629 ίιιριίτιςοε
1504 3551 1559 3617 καί

360 3671 514 3744 Πούπλιος
538 3670 682 3747 Γαβίνιος
707 3669 849 3741 Χοίττους
875 3668 1032 3748 κρατιίοοις
1056 3694 1086 3735 κ.
1099 3694 1129 3734 τ.
1142 3682 1173 3735 λ.
1202 3670 1319 3753 Atque
1340 3672 1402 3739 hoc
1424 3672 1561 3754 quidem

359 3793 597 3861 infelicissimo.
617 3792 785 3875 Sulpicius
803 3792 896 3858 enim
914 3793 1031 3868 Galba,
1051 3791 1105 3874 qui
1124 3791 1307 3873 imperator
1318 3793 1561 3875 posteaiactus

359 3917 422 3999 est,
455 3932 544 3982 anno
575 3914 619 3980 39
651 3913 866 3982 Gaetulicum
897 3913 932 3980 in
963 3913 1142 3997 imperium
1165 3915 1336 3981 exercilus
1359 3914 1561 3986 Germaniae

360 4037 548 4120 Superioris
571 4040 711 4104 secutus
734 4035 842 4117 (Suet.
870 4035 962 4102 Gclb.
989 4035 1054 4112 6.7,
1079 4034 1141 4101 Dio
1164 4034 1219 4113 59,
1245 4035 1298 4118 22,
1324 4035 1355 4118 5,
1378 4037 1454 4103 Tac.
1474 4055 1559 4106 αοιοι.

224 4145 228 4154 '
282 4144 284 4148 ⁸
360 4159 392 4237 6,
429 4159 497 4237 30),
532 4176 611 4226 cum
646 4157 753 4225 Gaius
785 4158 924 4225 ineunte
955 4173 1045 4224 anno
1078 4159 1119 4224 41
1152 4160 1295 4224 necatus
1321 4160 1413 4225 esset
1435 4158 1560 4228 ibidem

358 4280 525 4347 remansit
552 4282 641 4346 testo
671 4279 832 4346 Suetonio
855 4295 884 4346 c.
910 4283 940 4348 7.
965 4279 1058 4345 Inter
1079 4278 1206 4346 amices
1229 4278 1379 4359 Augusti
1401 4282 1559 4362 receptus

359 4401 536 4468 Claudium
560 4420 591 4468 a.
617 4400 660 4466 43
685 4401 721 4467 in
741 4401 954 4484 expeditione
975 4400 1172 4468 Britannica
1190 4400 1375 4468 comitatus
1386 4404 1450 4484 est,
1463 4400 1558 4469 Suet.

359 4523 415 4591 bl.
446 4523 528 4590 Post
561 4523 699 4589 demum
729 4521 880 4589 Africam
912 4521 1119 4605 provinciam
1151 4539 1210 4604 pro
1237 4521 1374 4589 consule
1396 4522 1557 4606 obtinuit,

358 4661 447 4711 anno
470 4645 512 4710 ut
533 4642 669 4710 videtur
693 4642 737 4708 45
760 4641 815 4722 (ci.
839 4642 1039 4709 Suetonium
1063 4644 1086 4711 1.
1099 4643 1121 4709 1.
1142 4659 1220 4709 cnm
1241 4641 1346 4709 Dione
1366 4643 1423 4721 60,
1444 4644 1497 4728 25,
1511 4644 1557 4724 6).

359 4764 464 4832 Galba
497 4764 602 4846 igitur
635 4781 724 4831 anno
760 4765 801 4829 41
835 4763 968 4830 Mauros
1000 4763 1122 4847 proelio
1153 4764 1287 4831 vincere
1318 4764 1456 4831 omnino
1488 4781 1556 4832 nen
