3848 6006
935 832 1003 900 eat

362 1017 455 1085 illam
484 1016 596 1082 artem
625 1013 697 1083 dieo
723 1031 810 1096 quae
833 1014 930 1082 dooet
952 1013 1151 1100 longinquas
1174 1033 1229 1083 res
1252 1015 1400 1100 primum
1423 1032 1558 1099 parvas,

364 1136 483 1205 deinde
501 1135 750 1218 longinquiores
769 1135 971 1204 minutiores
989 1136 1109 1220 faeere,
1127 1138 1163 1206 in
1175 1140 1327 1220 quaarte
1339 1154 1406 1205 non
1419 1136 1561 1204 ulterius

364 1259 532 1342 progressi
561 1262 660 1326 erant
689 1275 793 1342 quam
824 1259 957 1343 antiqui
980 1260 1099 1329 Graeci
1121 1263 1158 1327 et
1181 1261 1327 1327 Romani
1348 1275 1457 1343 usque
1479 1258 1561 1326 dum

364 1396 453 1448 nova
487 1384 524 1448 et
544 1397 666 1464 parum
689 1379 860 1447 intellecta
883 1385 1060 1464 praecepta
1081 1381 1202 1464 lapani
1224 1399 1246 1449 a
1268 1381 1410 1448 Batavis
1431 1397 1561 1463 aooepe·

365 1505 458 1581 runt,
481 1503 523 1570 de
544 1501 657 1586 optioa
679 1503 856 1585 praecipue
876 1502 943 1580 illa,
965 1519 1052 1585 quae
1073 1503 1224 1571 ostendit
1246 1503 1479 1591 „catagrapha
1500 1503 1563 1571 hoe

367 1626 422 1691 est
455 1621 607 1706 obliquas
641 1622 806 1705 imagines
839 1626 876 1690 et
905 1623 999 1692 varie
1028 1623 1172 1692 formare
1203 1623 1318 1693 voltus
1340 1623 1562 1709 respicientis,

367 1745 584 1828 suspicientis
607 1746 660 1814 vel
682 1745 914 1829 dispicientis”
929 1742 955 1827 ¹>
977 1745 1158 1814 inventum
1177 1746 1286 1814 nobile
1305 1745 1455 1814 Cimonis
1474 1745 1563 1814 cleo·

368 1866 455 1945 nael,
478 1884 544 1952 quo
566 1867 697 1935 nullum
719 1867 895 1936 fecundius
917 1885 1068 1952 unquam
1091 1869 1134 1936 ad
1155 1868 1390 1937 educationem
1414 1867 1564 1951 picturae

369 1989 516 2057 exstitit.

414 2111 486 2194 Qua
519 2111 576 2178 via
606 2111 749 2179 seientia
771 2110 828 2178 illa
851 2114 925 2179 tam
948 2112 1017 2179 late
1040 2112 1238 2195 migraverit
1260 2112 1467 2195 ignoramus.
1492 2114 1565 2181 Hoo

370 2233 519 2303 vidimus
552 2237 663 2302 artem
692 2233 896 2301 Graeoomm
926 2236 1040 2301 aetate
1070 2234 1248 2318 Polygnoti
1269 2235 1336 2301 arti
1359 2234 1565 2318 Japenorum

372 2356 495 2438 viginti
522 2356 651 2422 duobus
670 2354 814 2422 saeculis
832 2355 1007 2437 posteriori
1027 2358 1151 2424 natura
1173 2373 1241 2424 non
1262 2373 1338 2423 esse
1357 2355 1566 2435 dissimilem,

371 2480 544 2546 schemata
566 2480 603 2545 et
625 2476 712 2560 quod
735 2476 894 2558 spiritum
917 2477 1060 2544 dicimus
1082 2477 1177 2560 artis,
1201 2477 1317 2545 affinia
1338 2494 1414 2545 esse
1437 2478 1567 2560 primus

372 2601 525 2668 omnium
545 2600 632 2668 vidit
654 2599 848 2666 Edmondus
871 2599 1000 2666 Pottier
1021 2601 1057 2665 et
1080 2600 1115 2666 in
1140 2599 1393 2680 elegantissima
1413 2599 1567 2683 disquisi-

373 2722 464 2789 tione
487 2724 645 2805 exposuit
656 2718 693 2802 ²).

418 2845 508 2928 Quae
531 2861 611 2911 oum
633 2844 683 2912 ita
706 2845 790 2923 sint,
813 2861 928 2926 rogare
947 2845 1026 2912 lieet
1049 2863 1134 2913 num
1156 2845 1242 2913 forte
1261 2845 1397 2912 fortuna
1409 2843 1566 2910 Sinarum

373 2966 501 3033 notatio
525 2965 622 3032 nobis
644 2966 737 3032 viam
760 2970 950 3034 monstrare
975 2967 1083 3050 possit
1103 2967 1146 3034 ad
1169 2965 1394 3048 indagandam
1416 2965 1566 3032 tonitms

373 3088 462 3170 apud
480 3090 638 3173 antiquos
657 3089 852 3170 imaginem,
876 3089 972 3156 ouius
995 3089 1104 3157 adhue
1127 3107 1190 3157 nee
1207 3090 1284 3157 vola
1302 3107 1365 3157 neo
1384 3088 1567 3174 vestigium

373 3211 539 3294 apparuit.

420 3332 509 3401 Nota
538 3336 622 3401 sunt
651 3334 685 3401 in
708 3333 890 3420 Lyciorum
911 3334 1063 3402 nummis
1086 3334 1192 3418 signa,
1217 3335 1367 3403 nondum
1390 3332 1567 3418 explicata,

375 3470 396 3520 e
414 3453 524 3531 trinis,
545 3453 716 3522 interdum
736 3472 756 3523 e
775 3456 960 3540 quaternis,
983 3456 1079 3542 binis,
1100 3457 1241 3539 singulis
1253 3455 1568 3539 partibuseduneis‚

376 3592 420 3642 ex
453 3574 552 3643 anrdo
582 3576 618 3644 in
649 3577 759 3644 medio
781 3577 892 3660 posito
915 3578 1144 3656 nascentibus,
1168 3579 1363 3661 composita,
1386 3594 1473 3662 quae
1494 3594 1570 3644 raro

376 3696 413 3765 in
434 3695 596 3780 gallorum
618 3701 680 3765 aut
698 3702 930 3767 monstrorum
952 3699 1101 3767 cervinae
1124 3702 1306 3767 mutantur
1319 3696 1357 3781 ⁸).

422 3817 496 3887 Non
526 3818 641 3887 minus
670 3822 752 3887 nota
778 3823 833 3887 est
855 3820 890 3887 in
914 3819 1141 3907 Pamphyliois
1165 3820 1318 3888 Pisidiois
1342 3820 1470 3888 Attieis
1492 3818 1570 3887 alio·

377 3955 519 4023 rumque
537 3938 735 4024 populorum
756 3942 987 4009 monumentis
1005 3941 1113 4023 tlgura
1130 3941 1199 4009 late
1217 3942 1376 4024 dispersa,
1397 3957 1441 4008 ex
1458 3941 1570 4008 tribus

379 4057 560 4129 femoribus
582 4062 736 4129 eruribus
753 4063 893 4145 pedibus
912 4063 1071 4131 humanis
1093 4063 1129 4131 in
1149 4079 1258 4131 unum
1275 4062 1464 4132 ooniunotis
1484 4080 1569 4130 oom-

379 4183 499 4265 posita,
529 4185 696 4268 triquetra
720 4187 782 4252 aut
804 4184 918 4267 potius
940 4185 1093 4254 trisceles
1115 4185 1210 4254 hodie
1231 4203 1253 4253 a
1277 4185 1359 4253 viris
1382 4185 1492 4252 doctis
1517 4202 1571 4252 ro

380 4307 464 4370 oeta.
488 4304 536 4372 De
558 4308 700 4388 utroque
721 4305 853 4390 copiose
874 4307 944 4388 egit
965 4307 1046 4374 olim
1069 4308 1212 4375 Adollus
1235 4306 1337 4374 Holm
1356 4307 1391 4373 in
1411 4306 1570 4389 opusculo

413 4563 438 4626 1)
454 4561 519 4614 Prin.
534 4561 567 4615 tl.
583 4563 616 4615 H.
633 4561 730 4616 XXXV.
745 4565 786 4615 td.

412 4644 555 4706 dliluette
572 4645 614 4695 deo
631 4645 713 4695 Beanx
732 4645 797 4697 Arte.
815 4646 888 4697 1890.
906 4646 940 4697 11.
958 4662 982 4713 p.
1000 4645 1133 4697 1oe-1es
1151 4644 1225 4696 erese
1241 4651 1266 4697 ot
1281 4646 1371 4712 Japon.

413 4727 438 4788 8)
459 4725 553 4777 Brititlr
575 4727 697 4788 Moesum,
720 4727 856 4793 Cetalogne
878 4729 907 4778 oi
927 4728 1006 4778 Greek
1028 4728 1103 4788 seins,
1124 4727 1199 4794 Lysis
1216 4735 1264 4779 elo.
1281 4727 1342 4778 usa.
1359 4727 1455 4778 ll-lli
1472 4727 1571 4793 pmin.

379 4808 520 4860 Cerrieibnt
535 4817 622 4862 ornate
640 4810 688 4862 111.
705 4812 772 4861 1-4
787 4816 813 4862 et
832 4811 871 4862 lt.
