3848 6006
943 813 986 890 te

410 1000 530 1090 Stangl
563 1006 752 1090 proposuit:
789 1006 996 1075 senatoriam
1032 1000 1122 1092 <ad>
1158 1003 1371 1092 dignitatem,
1406 1001 1560 1092 equidem

365 1124 552 1196 ablativum
581 1130 712 1213 requiro
742 1130 848 1197 etiam
878 1131 956 1213 post
985 1129 1221 1198 conroborasse
1251 1147 1433 1200 revocans:
1464 1150 1560 1200 seoc-

365 1251 485 1335 toriap.
508 1255 562 1332 (=
572 1252 821 1336 senatoriaque)
844 1252 1013 1336 siccitate.

365 1434 410 1501 Η.
423 1435 478 1512 66,
491 1437 534 1502 14
556 1435 672 1519 0279,
700 1436 741 1502 13
764 1436 848 1503 Post
870 1435 995 1504 lemma
1017 1435 1093 1514 (Pro
1116 1435 1300 1520 mima:

410 1555 644 1625 Declarant
665 1557 795 1625 huius
817 1557 1014 1625 ambusti
1038 1558 1213 1625 tribuni
1235 1556 1286 1641 pl.

363 1677 508 1760 legimus
536 1678 695 1762 scholion,
727 1679 823 1746 cuiue
846 1678 1010 1762 posterior
1032 1679 1131 1746 modo
1154 1696 1232 1762 pars
1254 1679 1474 1748 exscribenda
1495 1681 1560 1763 est,

364 1816 504 1884 nempe:
528 1801 629 1868 Hunc
651 1817 732 1868 vero
752 1802 972 1888 „ambustum
990 1801 1167 1869 tribunum
1187 1800 1254 1885 pl.'’
1273 1805 1449 1884 eapropter
1466 1802 1559 1887 dicit,

364 1920 452 2004 quod
481 1925 545 1989 aut
574 1922 680 1989 videri
710 1923 773 1990 hoc
802 1922 887 1990 velit
916 1922 990 2006 ipso
1019 1922 1206 2003 instigante
1235 1921 1409 1991 incensam
1432 1923 1560 1990 curiam

364 2046 428 2111 aut
457 2045 602 2112 eundem
631 2044 782 2112 ardentis
813 2045 924 2111 curiae
953 2044 1107 2112 incendio
1137 2060 1214 2112 esse
1246 2045 1456 2128 deterritum,
1483 2061 1561 2128 quo·

364 2161 481 2235 minus
502 2168 560 2236 diu
582 2168 844 2236 contionaretur.
869 2168 914 2235 Et
937 2165 1055 2250 plane.
1071 2213 1079 2234 .
1095 2213 1125 2234 ..
1150 2168 1237 2252 quod
1261 2167 1431 2250 sequitur:

409 2289 738 2359 Intermortuae
760 2290 1006 2368 contiones,

364 2429 451 2496 qnae
480 2412 646 2495 suspicari
672 2429 854 2495 possumus
876 2415 1112 2480 consternatas
1135 2411 1312 2480 vicinitate
1335 2411 1560 2480 flammarum.

365 2533 501 2602 cubant
528 2534 563 2601 in
594 2532 714 2602 monna
743 2535 785 2600 14
807 2533 951 2612 litteme‚
975 2550 1119 2617 quarum
1142 2534 1252 2616 prima
1272 2532 1416 2601 fortasse
1438 2531 1505 2600 fuit
1528 2533 1562 2600 K

364 2656 481 2739 itaque
498 2672 619 2723 censeo
637 2654 887 2723 rescribendum
905 2671 998 2723 csse:
1016 2654 1061 2722 iit
1078 2655 1179 2739 plane
1196 2654 1457 2736 καταχρηστικῶς
1472 2654 1560 2738 qnod

365 2779 519 2862 sequitur
541 2796 570 2846 e.
582 2796 614 2862 q.
627 2797 655 2846 s

365 2961 474 3040 Η82,
496 2963 539 3029 10
568 2962 692 3048 0291,
714 2963 757 3030 26
789 2962 925 3047 (Incipit
954 2962 1019 3030 Pro
1049 2961 1172 3046 Sestio)
1199 2962 1236 3028 Ρ.
1261 2961 1445 3030 Sextius
1466 2960 1562 3029 ami·

365 3083 576 3152 tissimus
609 3087 705 3152 erat
739 3083 992 3164 Ciceroni()
1129 3084 1172 3151 in
1207 3081 1394 3165 collegio
1429 3082 1561 3150 tribu·

365 3221 515 3274 norum
560 3205 624 3291 pi,
672 3205 744 3290 qui
788 3205 972 3274 fuerunt
1017 3205 1054 3272 Ρ.
1093 3204 1278 3273 Lentulo
1324 3203 1561 3288 Spinthere

365 3328 526 3413 Quinto
548 3327 726 3396 Metello
748 3328 916 3412 Nepote
938 3345 1021 3397 cos.

409 3452 450 3520 In
482 3451 614 3535 lacuna,
648 3467 734 3534 quse
764 3467 832 3518 non
862 3452 1003 3534 occupat
1034 3449 1249 3528 versiculum,
1283 3464 1350 3516 non
1381 3464 1561 3530 possumus

364 3572 492 3640 Maium
522 3575 558 3639 et
584 3571 743 3640 Orellium
765 3571 944 3639 audientes
964 3571 1077 3639 edere:
1101 3571 1474 3656 familiarissimasque.
1498 3569 1561 3653 Qui

364 3698 481 3763 tamen
511 3694 660 3763 codicem
689 3693 911 3778 inspexerint,
944 3693 1127 3762 concedent
1150 3694 1238 3762 hanc
1259 3693 1330 3760 tere
1350 3692 1414 3761 loci
1436 3691 1562 3774 integri

363 3818 546 3900 imaginem
569 3818 612 3886 ob
635 3815 747 3885 oculos
768 3816 953 3899 legentium
977 3817 1057 3900 poni
1078 3817 1191 3886 licere:

1007 3938 1256 4007 AMIOISSI

653 4059 1252 4130 MUSERATOIOERONIA'P

653 4181 1206 4266 ocnfflssiunsirtoort

651 4301 863 4388 Lne101).

408 4429 567 4512 Quocirca
589 4430 688 4495 tueor
710 4427 797 4494 hanc
818 4426 1016 4495 lectionem:
1036 4428 1072 4494 Ρ.
1086 4428 1224 4496 Sextius
1242 4428 1470 4497 amicissimus
1488 4431 1562 4498 erat

367 4552 516 4620 Oiceroni
548 4545 670 4637 <atquc
692 4545 919 4636 mussantis>
943 4551 980 4617 in
1003 4551 1150 4634 conlegio
1172 4567 1201 4617 e.
1214 4570 1246 4636 q.
1259 4570 1286 4620 s.
1310 4553 1436 4620 Eadem
1458 4553 1563 4622 aoioc

399 4794 425 4858 l)
441 4793 521 4846 Hodie
538 4800 691 4846 creauerunt
708 4793 795 4862 ATQ.
813 4793 1070 4847 canissluus

1429 4895 1446 4945 4
