3848 6006
924 809 992 875 214

359 994 521 1078 quosdam
553 1011 673 1060 versus
701 1011 745 1059 ex
776 994 972 1078 papyraceis
1001 992 1261 1075 exemplaribus,
1293 1009 1380 1076 quos
1409 991 1441 1057 si
1464 989 1564 1057 novit

361 1115 579 1181 Aristarchus
601 1114 729 1180 tacitus
751 1117 867 1180 tamen
892 1113 1131 1196 praetermisit

405 1237 501 1302 Licet
535 1233 642 1301 multo
675 1235 784 1301 rarius
817 1234 886 1301 tale
918 1235 1000 1318 quid
1033 1236 1172 1301 eveniat
1207 1235 1243 1302 iu
1274 1233 1455 1315 hesiodeis,
1493 1249 1563 1298 uou

361 1360 477 1423 tamen
513 1373 651 1437 prorsus
685 1355 811 1422 desunt
843 1355 1046 1423 documenta
1079 1356 1203 1439 quibus
1234 1356 1473 1438 comprobetur
1503 1353 1565 1422 eli-

360 1478 493 1561 quando
513 1478 549 1543 iu
572 1477 764 1557 'l'heegouia
784 1493 917 1560 quoque
935 1478 1142 1559 operibusve
1163 1477 1302 1544 mendis
1317 1477 1566 1544 Aristarchum

362 1599 513 1665 breviore
542 1597 761 1680 amplioribus
790 1598 913 1665 iniuria
944 1598 1154 1680 praetulisse
1178 1598 1285 1666 cuius
1307 1599 1357 1665 rei
1378 1598 1566 1665 exhibetur

361 1717 553 1801 exemplum
591 1718 780 1798 fragmento
815 1718 1022 1804 Fayumeusi
1055 1719 1143 1803 quod
1176 1724 1257 1786 cute
1291 1720 1413 1800 viginti
1449 1736 1565 1786 anuos

361 1843 465 1909 edidit
495 1841 607 1908 Julius
637 1839 748 1907 Nicele
778 1842 909 1917 (Revue
932 1842 975 1907 (le
997 1840 1175 1924 Philolegie
1196 1860 1276 1910 auu.
1304 1842 1401 1908 1888.
1426 1844 1454 1906 t.
1479 1840 1565 1907 XII.

361 1982 393 2047 p.
419 1961 611 2046 113-116)
634 1979 714 2028 mox
737 1978 818 2027 cure
840 1963 952 2044 sagaci
974 1963 1138 2029 tractavit
1160 1963 1329 2031 Henricus
1352 1962 1445 2030 Weil
1463 1963 1564 2042 (ihm

362 2102 394 2167 p.
419 2083 807 2167 173-175J,p0steum
820 2084 860 2148 R.
872 2083 1082 2166 Peppmhller
1092 2084 1263 2166 (Philolog.
1275 2085 1336 2151 LII
1347 2103 1380 2168 p.
1393 2085 1462 2152 tec
1472 2090 1566 2167 sqq.)

361 2209 398 2272 et
419 2204 556 2271 taudem
580 2204 615 2269 iu
638 2203 783 2270 editione
807 2223 870 2272 sue
892 2207 1018 2272 maiore
1041 2206 1220 2273 Rmohius.
1244 2206 1404 2274 ceterum
1427 2206 1459 2272 is
1483 2223 1565 2273 eeu·

361 2325 452 2393 cellis
477 2343 598 2392 versus
619 2342 726 2392 novos
749 2326 896 2393 inclusit.

406 2447 566 2515 Selebaut
598 2450 701 2512 antee
731 2447 877 2530 Operum
908 2465 1032 2514 versus
1061 2448 1119 2531 qui
1141 2449 1184 2515 (le
1206 2449 1319 2531 quarti
1342 2448 1478 2530 generis
1502 2449 1567 2517 hu·

361 2569 454 2637 muni
484 2569 559 2634 vite
589 2571 668 2651 post
698 2571 843 2635 mertem
874 2569 972 2636 beuta
996 2569 1169 2637 disserunt
1191 2570 1243 2637 itu
1264 2569 1329 2652 legi
1352 2574 1393 2639 ut
1412 2587 1466 2638 vs.
1496 2573 1565 2637 169

359 2692 423 2757 aut
451 2688 655 2771 reciperetur
684 2692 762 2773 post
792 2707 929 2757 versum
962 2691 1028 2757 168
1056 2693 1183 2759 autin
1206 2691 1332 2761 oelcem
1353 2692 1567 2775 relegeretur

361 2814 423 2876 aut
456 2810 610 2879 ederetur
645 2814 721 2893 post
753 2828 892 2878 versum
925 2812 1000 2878 173.
1039 2812 1193 2880 hdehsut
1221 2814 1336 2897 iisque
1367 2814 1433 2881 viri
1467 2815 1566 2883 docti

362 2933 475 2997 tetum
499 2931 608 2998 locum
631 2931 721 2999 huuc
743 2932 812 2999 lere
835 2932 870 2998 iu
894 2933 1049 3001 modum:

422 3051 485 3116 166
531 3047 595 3115 ένθ·
618 3052 682 3127 ἥτιι
706 3051 775 3124 τοὺς
800 3051 858 3127 μέν
881 3048 1021 3117 θανάτου
1044 3054 1132 3126 τέλει
1157 3054 1389 3139 έμΦειιιέλνψε,

530 3180 593 3244 τοῖς
617 3171 648 3236 tl
674 3171 740 3252 δέχ’
763 3168 930 3250 inirem
948 3174 1052 3250 βίοτον
1077 3175 1131 3240 καὶ
1155 3172 1224 3250 ἤθε’
1243 3174 1388 3248 isdem

531 3292 608 3364 ῧεὺι
633 3293 772 3376 Κρονίδης
799 3293 973 3361 κατένασσε
998 3299 1102 3374 werlu
1126 3298 1156 3370 ές
1180 3297 1316 3378 τείρατα
1340 3297 1437 3377 γαέινσ

422 3416 486 3482 169
531 3420 625 3489 τηλοῦ
649 3417 707 3481 ἆτ’
731 3413 918 3483 ἀθανάταν·
943 3426 1036 3485 ταῖσιν
1062 3418 1167 3496 xilva<
1193 3419 1420 3499 ἐμβασιλεύει·

422 3537 487 3602 170
533 3535 586 3599 καὶ
610 3537 654 3601 rol
678 3537 736 3614 μέν
760 3538 890 3604 ναέσνσιν
913 3539 1031 3612 ααιέδεα
1055 3539 1157 3618 θυμὸν
1181 3538 1306 3623 ἔχοντες

531 3660 563 3722 έν
585 3657 732 3738 μακάρων
755 3659 867 3733 νιίσιισι
892 3662 965 3739 ταί
989 3663 1145 3729 Ὠκεανὸν
1168 3659 1354 3742 βαθυδίνην,

533 3777 631 3857 έλβιιι
656 3779 755 3859 ἥρωες,
779 3790 874 3848 ταῖσιν
896 3783 1047 3860 μελιηδέα
1072 3787 1190 3865 καρτὸν

533 3898 595 3978 τρὶς
620 3900 702 3973 lucr
727 3899 893 3970 θάλλοντα
915 3907 1000 3986 Φέρει
1024 3905 1159 3987 (ollem
1183 3904 1307 3987 ἄρουρα.

423 4020 486 4087 174
534 4021 644 4096 μηκέτ’
669 4022 765 4088 έτειτ·
788 4024 929 4105 ὤφελλον
954 4050 982 4093 ιι.
1007 4051 1037 4092 τ.
1062 4027 1087 4092 έ.

409 4140 710 4211 verumenimvero
733 4147 859 4212 servati
881 4152 964 4215 suut
986 4149 1020 4214 iu
1041 4148 1230 4230 fragmento
1251 4149 1569 4234 hayumensirrolio

363 4259 392 4325 B
415 4259 461 4343 Π)
485 4277 604 4328 versus
627 4268 788 4346 quattuor
811 4270 882 4333 tam
906 4285 926 4334 a
949 4269 1015 4335 llue
1036 4269 1136 4336 laceri
1158 4287 1264 4353 quam
1286 4271 1330 4340 ah
1353 4269 1467 4338 initio:

832 4403 987 4453 νελνσετα

829 4532 1024 4587 εατσισιτιμιν

829 4628 1042 4707 λλσγενισθιικ

829 4771 1039 4828 νιγαασινεπι
