4070 6138
815 915 879 983 125

247 1095 404 1176 vulgatae
435 1094 559 1172 ἰτέττη
590 1096 808 1180 praeferatur.
839 1098 948 1182 Quam
978 1099 1077 1168 unioe
1107 1117 1225 1168 veram
1247 1116 1321 1168 esse
1344 1099 1440 1168 dooet

246 1214 340 1284 loeus
359 1217 563 1302 Thucydidis
582 1219 639 1297 (II,
653 1219 706 1302 74,
720 1217 762 1306 4),
776 1222 833 1304 qni
851 1223 942 1289 totos
959 1221 1059 1290 hosoe
1078 1239 1199 1290 versus
1219 1227 1292 1288 tam
1310 1221 1442 1303 egregie

247 1337 396 1405 illustrat
417 1343 459 1405 nt
481 1340 628 1423 scriptus
650 1357 725 1408 esso
747 1341 904 1409 videatur
927 1343 970 1409 ab
992 1359 1032 1410 eo
1054 1343 1112 1426 qui
1134 1343 1324 1425 legentibus
1347 1343 1442 1410 Euri·

246 1459 359 1542 pidem
378 1461 414 1527 in
434 1465 586 1528 mentem
604 1461 705 1530 vellet
724 1479 890 1531 revocare.
909 1464 1201 1532 Historiensenim
1212 1464 1442 1548 pestilentiam

246 1580 438 1649 describens
471 1589 651 1666 postquam
684 1585 838 1652 narravit
871 1586 994 1653 misero
1029 1585 1148 1670 populo
1185 1603 1293 1669 neque
1326 1603 1442 1670 preces

246 1720 355 1787 neque
388 1703 599 1773 oraouiomm
628 1723 790 1791 responsa
818 1707 1000 1791 quidquam
1028 1709 1202 1794 profuisse,
1235 1709 1284 1776 sio
1314 1709 1439 1792 pergit:

247 1825 452 1899 τολοοτῶοτέτ
476 1825 506 1891 τ’
519 1828 622 1893 αὐτῶν
639 1829 824 1904 ἐπέστησαν
844 1828 903 1896 ὑπὸ
922 1833 977 1894 τοῦ
998 1834 1094 1895 κακοῦ
1113 1830 1278 1908 τηκόμενοι.
1305 1830 1441 1898 Paniai·

247 1948 342 2032 pium
379 1955 585 2024 τελευτῶντες
616 1952 704 2035 apud
739 1951 844 2020 Thue.
879 1953 1057 2037 respondet
1091 1952 1309 2021 substantivo
1343 1951 1441 2034 χρόνῳ

246 2071 449 2155 spadana,
472 2073 757 2156 quamadmodum
779 2074 882 2142 verba
906 2075 964 2141 ὑτέ
986 2077 1040 2140 τοῦ
1060 2077 1157 2140 neeri
1179 2074 1332 2152 τοτώμτνοι
1351 2076 1441 2144 idem
1481 2045 1491 2064 ”

247 2193 441 2275 significant
462 2196 549 2280 quod
572 2199 691 2280 poetae
712 2197 768 2264 illa
791 2200 888 2263 xanta
911 2197 975 2277 γὰρ
997 2195 1098 2263 οὐκέτ’
1123 2191 1158 2271 ἦν
1181 2195 1352 2278 ὑπέρτερος.

825 2411 871 2476 X.

247 2546 322 2615 Aio.
346 2564 399 2615 vs.
412 2546 476 2616 361
503 2546 675 2634 (Weeki.).

582 2665 600 2744 ἣ
624 2670 687 2737 οόδ’
710 2671 829 2747 ὑτέοτη
852 2669 942 2739 adro
966 2670 1115 2740 έολιέοοο*

584 2793 666 2868 αὕτη
689 2790 854 2874 madauris
877 2793 990 2860 Πελίου
1012 2801 1100 2869 τοῖς.

295 2915 502 2985 Scholiastae
528 2916 691 3002 (A¹B¹of.
715 2915 906 3001 Schwartz)
929 2919 1103 2985 annotatio
1126 2913 1203 2999 ἥτοο,
1228 2920 1341 2985 Πολέοο
1363 2929 1439 2996 ταῖς

247 3038 329 3122 quid
348 3038 413 3106 sibi
432 3038 516 3107 velit
534 3055 602 3106 non
622 3037 729 3116 video,
748 3037 815 3104 nisi
834 3038 1020 3106 statuimus
1036 3056 1117 3107 oum
1135 3039 1172 3106 in
1187 3043 1288 3110 textu
1300 3040 1442 3126 legisse:

592 3156 679 3235 ἥτις
704 3159 824 3234 ὑπέστη
847 3155 935 3225 τέοον
959 3157 1111 3226 έκλιέοιτ’

594 3282 675 3357 αὕτη
697 3277 861 3361 τοοθοντῒν
885 3280 1010 3362 [Πτλέοο
1030 3287 1130 3364 rutel.

294 3407 359 3476 Sed
388 3405 496 3492 pauci,
528 3408 569 3472 ut
599 3404 725 3487 opinor,
756 3404 843 3472 hano
872 3405 1062 3486 praeferent
1090 3404 1280 3492 lectionem,
1312 3426 1378 3494 qna
1405 3411 1441 3479 in

247 3531 317 3598 tina
339 3545 461 3597 versus
482 3527 570 3612 perit
593 3525 823 3610 emphatioum
842 3525 922 3592 illnd
946 3525 1058 3591 nauita
1082 3534 1169 3600 ταῖς.
1190 3529 1367 3599 Praeterea
1385 3535 1443 3618 qui

247 3653 340 3718 huno
369 3648 586 3717 scholiastam
616 3650 739 3714 notum
768 3646 870 3714 habet
900 3647 1014 3730 potins
1039 3650 1271 3731 expectaverit
1293 3651 1442 3736 aliquam

247 3770 478 3840 huinaoemodi
500 3769 773 3838 annotationem:

592 3887 658 3966 ἥτις
678 3892 866 3967 Ἄλκηστις.

295 4017 337 4084 In
359 4015 509 4083 transitu
531 4030 651 4082 moneo
674 4013 749 4081 sine
770 4029 874 4081 eausa
895 4013 1067 4082 sollicitari
1089 4015 1269 4086 lectionem
1291 4016 1441 4086 ἐοικότα’

249 4156 310 4224 pro
327 4154 395 4221 qna
409 4135 642 4204 Weckleinins
658 4134 767 4216 legere
786 4134 863 4202 vult
881 4131 1034 4218 ἐκλύσοντ’,
1052 4139 1090 4203 at
1103 4136 1261 4207 Vitellius
1269 4139 1442 4209 έτούτοοῶ.

250 4259 472 4342 Partioipinm
500 4257 581 4326 iliud
609 4257 666 4324 hio
695 4257 820 4324 hanone
849 4258 922 4324 vim
951 4257 1072 4326 habet:
1104 4277 1166 4338 ,aa
1190 4262 1381 4333 conditione
1402 4269 1444 4334 nt

249 4382 401 4466 liberet¹¹,
432 4381 520 4464 quod
549 4381 647 4448 nocet
675 4380 731 4448 hio
756 4379 851 4460 loeus
872 4396 892 4448 0
913 4379 1015 4464 Sopn.
1044 4379 1095 4450 El.
1122 4383 1208 4451 1304
1241 4383 1322 4452 κούδ’
1345 4383 1385 4452 έν
1406 4410 1443 4454 το

249 4505 425 4580 λυπέοιτο
451 4501 601 4580 drinium
619 4503 674 4590 (of.
697 4501 850 4589 ὑπέστηέ)
868 4501 979 4584 βραχὺ
1000 4511 1006 4582 Ι
1025 4503 1108 4579 αὕτη
1125 4503 1204 4585 μέγ’
1227 4507 1322 4588 eipso
1343 4507 1443 4590 κέρδος

250 4629 288 4693 et
317 4625 408 4694 And
439 4626 466 4702 1,
489 4625 511 4691 5
540 4620 658 4690 ἄλλοδέ
687 4647 723 4689 τε
745 4622 810 4704 γέη
834 4621 873 4688 ἂν
897 4623 1004 4689 τέττα
1027 4624 1071 4690 τὸ
1093 4621 1213 4704 aynau
1235 4623 1322 4712 έχοοο
1343 4629 1444 4714 στορέ-

250 4769 342 4824 aare
364 4753 422 4822 τῆς
445 4745 592 4828 πατοῦσι
617 4746 673 4812 οὐκ
695 4743 735 4813 a
756 4742 918 4824 ὶτξοέμηο.
