4128 6144
844 939 909 1009 217

273 1139 385 1204 rogus.
413 1122 461 1190 De
484 1121 629 1190 Hesiodo
651 1124 751 1204 poeta
773 1123 823 1190 sio
841 1121 949 1190 indieo
965 1124 1007 1189 ut
1024 1122 1121 1190 hodie
1140 1121 1257 1189 multi:
1276 1125 1349 1189 tam
1368 1121 1469 1188 'lireo-

273 1247 397 1327 goniae
412 1262 517 1329 quam
535 1245 681 1327 Operum
701 1261 778 1312 eam
801 1261 876 1312 esse
900 1244 1042 1312 indolem
1066 1248 1107 1312 nt
1129 1245 1231 1311 nnius
1253 1243 1470 1327 eiusdemque

273 1369 398 1450 metae
416 1383 539 1434 manus
557 1366 593 1433 in
612 1365 663 1432 eis
680 1366 818 1447 agnosci
837 1369 992 1450 nequeat.
1013 1366 1217 1450 antiquiora
1235 1383 1314 1433 oum
1333 1365 1471 1432 reoenti·

273 1487 391 1555 oribus
421 1487 543 1554 misoet
571 1485 756 1554 identidem
785 1486 953 1555 Hesiodus
979 1487 1034 1554 ille
1063 1487 1216 1571 quisquis
1245 1488 1329 1564 luit3
1352 1489 1471 1570 poetae

274 1626 405 1678 munus
434 1625 514 1676 eum
543 1608 774 1676 diaseenastee
802 1609 914 1676 labore
936 1611 1053 1678 erebro
1076 1613 1200 1677 mutat.
1233 1610 1314 1694 Quis
1336 1610 1472 1688 audeat,

275 1735 316 1800 ut
339 1749 409 1799 uno
430 1731 593 1813 deiungar
614 1731 777 1816 exemplo,
801 1749 936 1800 carmen
959 1733 1001 1798 de
1023 1731 1221 1801 Prometheo
1243 1749 1283 1799 eo
1308 1731 1471 1810 Pandora,

274 1855 365 1938 quod
389 1856 499 1922 soatet
520 1853 768 1932 oonuoversiia
796 1854 846 1921 eie
867 1854 1051 1938 discerpere
1073 1855 1108 1921 in
1129 1857 1243 1937 partes
1264 1857 1306 1921 ut
1324 1853 1471 1922 Hesiodo

273 1975 442 2057 hesiodea,
462 1974 709 2058 antiquioribus
729 1976 840 2058 poetis
857 1975 1049 2059 antiquiora
1063 1974 1272 2042 reddantur?
1290 2009 1325 2022 -
1340 1973 1405 2040 Sed
1416 1977 1472 2040 est

275 2100 396 2164 tamen
426 2097 462 2163 in
497 2095 639 2179 singulis
670 2113 809 2181 operum
832 2097 985 2179 partibus
1007 2096 1172 2180 quaedam
1193 2095 1328 2177 unitas;
1351 2111 1473 2163 versus

274 2220 396 2286 autem
434 2218 499 2284 169
533 2219 569 2283 et
599 2214 681 2282 169¹>
711 2234 790 2285 oum
820 2217 883 2285 heo
914 2216 1049 2286 unitate
1079 2233 1146 2285 non
1177 2232 1336 2300 pugnare,
1368 2217 1472 2284 immo

275 2357 358 2407 oum
376 2337 510 2419 ingenio
527 2341 645 2421 poetae
662 2340 852 2424 eonvenire,
870 2355 910 2407 eo
928 2339 1037 2421 magis
1052 2337 1276 2406 demonstrari
1286 2337 1472 2421 oopiverim

275 2459 438 2542 quoniam
459 2463 502 2527 nt
523 2459 593 2526 dixi
615 2461 728 2542 agitur
749 2460 790 2527 de
812 2462 966 2528 versibus
988 2479 1073 2544 qnos
1090 2461 1229 2528 exhibet
1245 2457 1329 2527 liber
1346 2458 1474 2543 aliquot

276 2580 424 2648 saeculis
453 2582 624 2666 antiquior
653 2600 756 2666 qnam
786 2583 915 2652 oodioes
939 2584 1058 2662 nostri,
1080 2586 1231 2651 osterum
1254 2580 1295 2649 de
1317 2580 1473 2648 versibus

278 2719 366 2786 quos
387 2702 424 2769 in
447 2703 520 2771 suis
543 2703 712 2772 oodieibus
734 2705 814 2772 olim
836 2705 918 2786 legit
940 2705 1088 2774 Proolus.

326 2827 359 2891 A
381 2825 506 2894 soholio
529 2825 700 2894 Proclisno
723 2825 999 2910 pronoisoendnm
1020 2828 1085 2894 est.
1108 2826 1261 2893 Primum
1279 2825 1353 2908 ipsa
1372 2823 1475 2892 verba

278 2944 441 3028 referam3
460 2945 579 3013 deinde
598 2947 728 3014 efficere
745 2948 890 3015 oonabor
907 2965 1051 3031 quorsus
1062 2949 1228 3032 enecent
1248 2945 1333 3014 ileos
1351 2946 1473 3013 verba:

326 3071 431 3140 Τνλοῦ
455 3066 513 3131 ἆτ’
534 3062 704 3132 αθανατοιν
726 3073 820 3133 τοῖσιν
844 3066 950 3147 Κρόνος
971 3069 1190 3148 inflectitur}
1211 3069 1330 3132 Τοῦτον
1349 3064 1402 3130 ιτα]
1422 3063 1475 3130 τὸν

279 3184 369 3266 ἑξῆς,
404 3189 443 3259 ele
478 3186 698 3270 Φλιιναφῶδιιο
734 3184 911 3268 ἐξοικίζουσι
947 3195 1005 3254 τῶν
1040 3187 1199 3266 Ἡσιόδου,
1233 3185 1276 3253 σα’
1311 3209 1346 3251 τι
1383 3181 1473 3251 ἄλλα

278 3306 486 3390 desolemur
506 3310 571 3395 (ita
588 3314 679 3377 reete
698 3309 791 3378 oodd.
811 3311 899 3394 qnod
916 3311 1054 3379 omnino
1073 3329 1140 3380 non
1156 3308 1360 3378 mutandum
1371 3309 1474 3376 estin

279 3428 508 3512 Φανλίζονταο)
532 3431 585 3496 καὶ
609 3431 645 3496 τὸ
669 3427 916 3498 ἐνθουσιαστικὸν
940 3439 995 3508 τοῖς
1019 3431 1164 3511 εἰσβολῆς
1187 3435 1246 3497 τῶν
1267 3429 1340 3507 μετ’
1361 3427 1474 3502 αὐτοὺς

280 3551 399 3632 στίχοιν
422 3553 569 3634 ἀφαιρεῖν
593 3549 743 3625 detrun.
767 3555 830 3625 Ὡς
854 3554 917 3632 γὰρ
941 3552 1132 3633 ἐπιβλέψας
1156 3554 1200 3627 τις
1224 3551 1259 3617 τὸ
1283 3549 1356 3617 κατ’
1380 3548 1474 3617 αὐτὸν

280 3677 340 3738 τῶν
363 3669 529 3753 &odorifer
552 3671 639 3752 γένος
662 3673 748 3749 μετα
771 3677 826 3749 τὴν
851 3673 1014 3753 Ιξῦμνιισιν
1037 3681 1093 3749 τῆς
1117 3679 1176 3747 τῶν·
1202 3670 1335 3752 tussim
1359 3669 1474 3749 λιίξιοις

281 3792 397 3872 Iskra
431 3794 564 3873 „unsis”
689 3793 863 3876 γονέοθαι”
896 3803 962 3878 (vs.
990 3798 1065 3867 174.
1091 3797 1169 3883 175)
1200 3795 1238 3862 δι’
1267 3790 1306 3860 ὧν
1328 3795 1362 3860 οὔ
1385 3794 1475 3870 μόνον

282 3915 370 3993 δηλοῖ
396 3917 453 3994 τὴν
482 3917 546 3983 ἀπὸ
564 3921 623 3985 τοῖιν
646 3919 821 4001 κρειττόνων
845 3919 887 3992 εἰς
911 3919 947 3985 τὸ
970 3927 1071 3999 χοῖρον
1097 3913 1174 3991 εἶδος
1198 3925 1253 3995 τοῖς
1277 3916 1354 3999 (eric
1377 3939 1476 3994 νοντα·

280 4037 391 4116 βολήν,
410 4037 499 4104 ἄλλα
520 4041 573 4105 καὶ
593 4039 753 4106 α’νᾶταλιν
773 4039 901 4108 ἔσεσθαι
922 4040 985 4106 eisd
1005 4047 1063 4106 τῶν
1074 4039 1215 4122 χοιρίνων
1228 4040 1270 4113 ric
1282 4038 1475 4121 τοαοιΐττον.

328 4160 440 4228 Huius
469 4162 585 4230 scholii
608 4163 711 4232 verba
732 4180 801 4231 non
824 4180 923 4247 posse
944 4163 1060 4231 reterri
1083 4163 1148 4230 nisi
1172 4163 1215 4230 ad
1238 4178 1360 4229 versus
1381 4177 1476 4244 quos·

282 4281 372 4367 dam,
391 4281 451 4364 qui
469 4281 502 4348 in
522 4284 675 4349 extremo
694 4281 796 4348 huius
815 4281 954 4364 episodii
971 4281 1039 4348 fine
1058 4280 1159 4364 positi
1179 4280 1331 4363 proxime
1348 4281 1477 4346 snteoe·

282 4403 402 4470 darent
419 4420 558 4471 versum
576 4403 651 4480 174,
662 4403 759 4471 euius
770 4402 987 4471 commotioni
997 4402 1168 4470 adversari
1180 4401 1350 4470 videretur
1360 4416 1478 4468 eorum

283 4524 396 4592 inanis
417 4523 610 4607 loquacitas,
630 4522 664 4590 id
684 4522 818 4606 quidem
837 4524 965 4607 optime
984 4524 1118 4592 monuit
1136 4523 1303 4590 Henrious
1314 4519 1475 4598 Weilins;

282 4644 400 4712 eodem
416 4646 534 4713 autem
553 4645 622 4712 iam
641 4644 786 4711 duxerat
804 4645 967 4712 Heinsius
985 4645 1042 4728 qui
1060 4643 1280 4711 -immerito
1303 4639 1477 4726 neglectus

283 4782 305 4832 a
326 4765 514 4834 Gsislordio
540 4801 576 4813 -
602 4765 646 4832 sd
668 4769 822 4833 extrema
845 4765 961 4834 seholii
979 4766 1083 4833 verba
1101 4766 1183 4832 haee
1201 4765 1360 4832 adnotat:
1382 4767 1477 4852 „tota

284 4885 367 4954 heae
403 4885 514 4968 glossa
548 4888 626 4969 post
660 4902 780 4953 versus
814 4885 889 4952 illos
922 4883 1035 4963 μηκέτι
1070 4900 1177 4968 usqne
1210 4885 1253 4952 ad
1285 4884 1389 4953 verbu
1421 4885 1478 4954 illa
