3848 6006
921 839 988 907 396

360 1018 418 1102 qui
448 1019 663 1088 condemnati
693 1024 819 1104 essent,
850 1023 956 1090 iirisse
985 1022 1100 1090 decom
1115 1018 1153 1106 ¹).
1186 1024 1244 1107 At,
1276 1021 1310 1088 id
1341 1019 1559 1087 affirmantes

360 1157 422 1207 nos
445 1139 636 1224 interpellat
658 1143 766 1227 Blass,
789 1160 891 1227 quem
914 1143 1027 1211 virum
1049 1144 1273 1212 clarissimum
1296 1142 1433 1209 honoris
1451 1156 1560 1208 cansa

361 1261 507 1329 nomino.
531 1262 565 1329 Is
587 1262 634 1349 (in
658 1270 779 1347 quarta
800 1265 946 1333 editione
968 1283 990 1333 a
1014 1266 1113 1343 1903,
1136 1281 1210 1348 pag.
1236 1265 1278 1331 56
1303 1268 1339 1332 et
1361 1281 1437 1348 pag.
1459 1263 1558 1342 leel:

363 1381 451 1459 „noll
480 1384 623 1462 credere,
652 1387 710 1470 ait,
735 1386 953 1455 Aristotelem
976 1387 1162 1470 scripsisse,
1186 1386 1428 1454 condemnatos
1449 1385 1560 1452 luisse

360 1505 491 1588 decem;
513 1524 675 1575 numerus
693 1507 800 1576 falsus
818 1513 883 1587 est,
903 1510 976 1577 lieri
994 1510 1098 1593 igitur
1117 1512 1231 1592 potest
1250 1507 1560 1590 utagrammatico

360 1626 496 1695 additus
526 1628 590 1713 sit;
621 1628 736 1713 itaque
757 1647 833 1698 ecco
855 1647 934 1698 enm
957 1631 1054 1698 uncis
1076 1631 1218 1716 includo,
1243 1631 1329 1697 vitio
1352 1630 1561 1697 Aristoteles

359 1747 494 1816 levatus
517 1751 605 1818 est.”
628 1751 738 1819 Audio
761 1753 865 1820 verba
887 1753 1042 1834 magistri
1065 1752 1273 1837 venerabilis,
1291 1753 1389 1819 cuius
1409 1754 1559 1819 mortem

360 1875 531 1938 recentem
562 1872 666 1940 etiam
696 1871 852 1954 lugemus
883 1890 1020 1952 omnes;
1054 1874 1096 1941 ad
1126 1873 1380 1956 obsequendum
1414 1876 1560 1956 paratus

360 2007 450 2057 sum.
489 1990 553 2059 Sed
585 1997 764 2078 postquam
794 2012 975 2063 numerum
1005 1995 1146 2081 sustuli,
1179 1998 1241 2062 hoc
1272 1999 1388 2062 tamen
1419 2011 1561 2062 manere

361 2114 468 2196 video,
491 2114 711 2184 Aristotelem
730 2117 893 2199 quosdam
912 2121 1084 2200 praetores
1102 2117 1343 2184 condemnatos
1361 2133 1437 2183 esse
1456 2116 1561 2199 scrip

361 2236 464 2315 sisse,
504 2237 562 2320 qui
596 2255 730 2321 pugnae
761 2256 828 2306 non
860 2237 1107 2322 interfuissent,
1140 2255 1224 2321 quos
1254 2238 1485 2305 Athenienses
1516 2242 1561 2305 ut

361 2359 560 2426 innocentes
581 2376 657 2426 esse
679 2361 858 2444 nescirent,
883 2361 956 2426 lieri
977 2358 1067 2428 nullo
1092 2360 1189 2427 modo
1211 2361 1390 2443 potuisset.
1424 2359 1561 2442 Itaque,

362 2480 392 2546 si
411 2483 527 2547 statuo
547 2497 668 2547 novem
688 2485 858 2564 praetores
874 2499 933 2566 pro
945 2483 1060 2548 decem
1071 2482 1312 2549 condemnatos
1322 2497 1396 2547 esse
1408 2481 1561 2548 voluisse

362 2600 591 2684 Aristotelem,
619 2603 841 2669 statuendum
870 2601 971 2669 simul
1002 2603 1086 2669 mihi
1115 2606 1178 2685 est,
1210 2619 1290 2669 eum
1314 2602 1376 2669 hoc
1398 2603 1558 2689 voluisse,

361 2727 433 2791 tres
455 2727 625 2807 praetores
648 2741 779 2807 pugnae
804 2743 870 2792 non
892 2725 1097 2802 interfuisse,
1117 2729 1153 2793 et
1172 2726 1214 2791 de
1233 2725 1345 2792 tribus
1364 2724 1428 2792 illis
1447 2744 1561 2793 unum

361 2847 496 2930 quidem
528 2864 595 2913 non
626 2864 701 2914 esse
731 2851 940 2932 accusatum,
974 2847 1032 2914 sed
1062 2848 1147 2915 duos
1178 2850 1295 2914 tamen
1324 2848 1365 2913 de
1395 2849 1446 2914 eis
1477 2866 1561 2916 curn

361 2972 482 3038 ceteris
501 2987 577 3038 esse
595 2971 853 3053 condemnatos;
875 2971 905 3037 si
923 2974 1008 3049 octo,
1032 2971 1163 3038 credere
1175 2971 1277 3039 debeo
1289 2988 1367 3038 eum
1381 2972 1558 3054 statuisse,

361 3096 524 3177 quattuor
545 3097 717 3177 praetores
739 3109 870 3174 pugnae
893 3110 961 3160 non
984 3093 1188 3170 intermisse,
1211 3109 1230 3158 e
1253 3094 1376 3176 quibus
1398 3092 1463 3160 duo
1484 3097 1558 3159 tan·

362 3219 438 3282 tum
473 3232 541 3281 non
574 3218 691 3281 essent
723 3215 873 3281 accusati
907 3231 1014 3297 neque
1048 3215 1273 3281 condemnati.
1310 3213 1472 3281 Neutn'us
1507 3215 1558 3281 rei

362 3336 543 3403 manifesto
568 3335 672 3402 falsae
695 3335 802 3402 ullum
823 3338 997 3403 auctorem
1018 3336 1176 3402 habuisse
1199 3339 1311 3418 potest
1334 3335 1557 3419 Aristoteles,

361 3460 624 3539 utrumcumque
654 3457 804 3533 tradidit,
835 3455 988 3524 consulto
1018 3460 1054 3523 et
1080 3457 1294 3539 impudenter
1317 3458 1485 3524 mentitus
1509 3459 1558 3524 sit

362 3595 498 3647 necesse
522 3582 586 3645 est.
611 3578 736 3661 Quodsi
758 3579 986 3662 perspexisset
1009 3578 1117 3654 Eleas,
1141 3582 1231 3645 certe
1254 3596 1434 3645 numerum
1458 3579 1557 3647 dena·

361 3704 450 3770 rium
473 3718 492 3769 e
515 3704 614 3768 textu
640 3718 706 3767 non
730 3700 948 3776 removisset;
972 3718 1037 3783 quo
1061 3703 1206 3773 servato.
1232 3701 1301 3766 iam
1323 3700 1435 3766 licebit
1459 3702 1557 3769 nobis

361 3840 507 3892 errorem
539 3821 734 3892 Aristotelis
765 3839 832 3888 non
863 3838 1025 3889 excusare
1054 3822 1199 3905 quidem,
1231 3823 1289 3889 sed
1312 3823 1558 3906 quodammodo

361 3949 478 4013 tamen
510 3943 674 4027 explicare
703 3961 747 4011 ex
776 3944 919 4011 diversis
941 3948 1118 4010 auctorum
1141 3943 1381 4010 traditionibus
1403 3944 1490 4010 male
1514 3945 1559 4011 ab

361 4084 401 4134 eo
419 4066 608 4150 permixtis.
632 4065 697 4133 Sed
718 4067 825 4133 iecere
843 4083 911 4132 non
929 4082 1067 4148 possum
1089 4065 1171 4148 quin
1190 4063 1339 4140 hocloco
1358 4065 1560 4133 intransitu

361 4193 519 4259 lectorem
550 4206 706 4257 moneam
738 4191 778 4256 de
809 4189 1012 4256 necessitate
1034 4188 1226 4255 abstinendi
1250 4188 1291 4253 ab
1313 4187 1370 4252 illa
1392 4186 1560 4254 coniectu·

361 4331 486 4393 rarum,
518 4311 560 4379 ad
590 4327 751 4378 numeros
777 4313 813 4377 et
835 4310 925 4376 iacta
947 4309 1201 4393 pertinentium,
1225 4308 1454 4374 faciendarum
1476 4308 1560 4375 leri-

362 4439 443 4520 tate,
479 4452 545 4516 qua
583 4431 808 4520 „corrigendi”
839 4431 974 4498 nomine
1005 4433 1123 4496 textus
1153 4430 1295 4496 traditos
1328 4431 1559 4498 subtrahendo

397 4663 420 4725 l)
439 4663 542 4712 Aristot.
558 4662 617 4712 Aah.
636 4661 709 4726 Resp.
725 4660 757 4708 84
772 4660 821 4722 51:
841 4659 901 4717 τοὺς
919 4656 980 4709 δέκα
995 4658 1156 4722 στρατηγοὺς
1170 4658 1230 4714 τοὺς
1247 4660 1279 4722 τῇ
1295 4657 1429 4723 ναυμαχίᾳ
1438 4661 1561 4717 νικῶντος

363 4745 454 4806 συνέβη
480 4744 585 4806 κριθῆναι
610 4748 657 4809 μιᾷ
683 4742 826 4807 χειροτονίᾳ
853 4741 959 4800 πάντας,
982 4741 1041 4799 τοὺς
1064 4741 1109 4802 μὶν
1127 4739 1183 4790 otti
1202 4740 1477 4803 τινννοινμοιχιὶτοντος,
1497 4741 1560 4799 τοὺς

364 4826 386 4876 δ’
405 4827 445 4877 ἐπ’
463 4827 601 4889 ἀλλοτρίας
621 4829 678 4885 νεῶς
695 4825 829 4882 σωθέντας.
