4136 6134
1167 912 1209 978 18

632 1092 687 1159 Ab
719 1091 761 1159 iis
792 1089 872 1158 laets
902 1091 945 1158 ad
975 1091 1084 1158 locum
1115 1090 1341 1157 Horatianum
1368 1088 1402 1155 S.
1426 1087 1499 1172 16,
1526 1105 1579 1156 vs.
1606 1087 1680 1173 125,
1716 1089 1779 1156 126

583 1216 638 1280 est
660 1212 901 1281 revertendum
924 1212 1084 1280 adhibitis
1106 1213 1244 1296 insuper
1265 1210 1345 1279 locis
1368 1211 1439 1279 bis:

627 1335 709 1400 Hor.
734 1353 763 1402 o.
787 1334 837 1401 ΙΠ
861 1335 915 1416 29,
943 1335 984 1399 19
1006 1330 1238 1400 616116661αηί
1260 1330 1371 1400 leonia

630 1456 743 1523 Germ.
767 1457 827 1523 Ar.
852 1457 916 1521 611
942 1455 1051 1522 totius
1073 1454 1164 1522 canis
1186 1451 1294 1521 rabidi
1315 1453 1461 1536 vestigia
1484 1453 1604 1537 prima.

628 1578 710 1645 Hor.
734 1578 794 1660 Ep.
817 1577 834 1643 I
860 1577 913 1659 10,
939 1576 981 1644 16
1004 1576 1128 1644 rabiem
1150 1575 1251 1644 cartis.

627 1698 712 1766 Plin.
735 1699 776 1766 N.
790 1700 834 1766 Η.
860 1699 940 1766 VIII
965 1699 1029 1764 152
1054 1697 1159 1765 rabies
1182 1719 1311 1765 marrim.

627 1820 744 1896 Varro,
777 1821 819 1887 do
841 1822 882 1886 R.
895 1821 936 1886 R.
960 1819 1077 1897 1283
1101 1819 1269 1886 caniculae
1290 1819 1430 1906 11961161.
1500 1877 1507 1904 ,

775 1943 820 2008 ib·
957 1943 975 2009 I
997 1942 1076 2022 413
1171 1992 1187 2028 n
1288 1939 1388 2026 Sim
1470 1903 1560 1963 avar,
1582 1880 1699 1963 aripret.

629 2065 863 2131 Postremum:
882 2063 963 2130 Hor.
983 2080 1012 2129 o.
1031 2062 1080 2128 III
1098 2062 1173 2140 13,9
1187 2063 1373 2143 ‘flagrantis
1383 2066 1481 2132 atrox
1495 2061 1578 2130 bora
1588 2066 1778 2150 caniculae’,

582 2186 619 2252 in
649 2203 715 2269 quc
745 2202 847 2252 versu
869 2202 941 2253 roo.
967 2184 1068 2253 ‘hora'
1081 2213 1123 2240 =
1137 2184 1230 2251 ‘anni
1252 2185 1399 2269 tempus’
1422 2203 1498 2255 esse
1520 2187 1621 2270 vulgo
1642 2191 1777 2271 putant.

583 2308 704 2376 Nescio
734 2326 778 2375 an
808 2325 867 2391 per
897 2307 1028 2375 ‘borae't
1057 2307 1230 2391 ‘tempora'
1258 2307 1281 2373 i.
1293 2323 1321 2373 6.
1346 2307 1534 2389 ‘Stantem
1557 2311 1778 2394 interpretan-

582 2433 665 2498 dum
705 2430 761 2497 sit.
802 2430 869 2498 Eas
906 2430 1014 2514 horas,
1053 2429 1176 2512 quibus
1213 2428 1262 2496 sol
1297 2429 1447 2496 maxime
1481 2431 1574 2516 furit,
1609 2435 1777 2514 quantam

581 2553 653 2619 fieri
675 2554 798 2636 potest,
823 2550 934 2618 locum
956 2551 1156 2618 umbrosum
1178 2552 1334 2632 petentes
1356 2549 1471 2632 fugere
1493 2555 1678 2620 conantur:
1703 2551 1777 2628 (6.1

585 2672 697 2754 17,17)
721 2668 775 2739 tic
795 2674 831 2739 in
854 2670 987 2738 redacta
1009 2669 1098 2737 cotie
1119 2669 1288 2738 caniculae
1308 2671 1426 2740 vitabis
1447 2681 1565 2758 661161,
1590 2675 1662 2742 Tib.
1682 2675 1774 2744 1127

581 2795 672 2862 canis
691 2792 1302 2879 66111616166116161.6.<116Η1116,
1315 2793 1776 2864 welchoherrschtwabrsnd

582 2917 641 2984 der
670 2916 901 2998 Sommerneit,
932 2934 986 2983 wo
1013 2915 1108 2983 canis
1131 2915 1202 3001 (am
1225 2915 1389 2984 bstlichsn
1412 2918 1576 3005 Himmel)
1597 2921 1775 2999 ersaheint,

581 3038 723 3105 msiden.
748 3038 830 3107 Voo.
849 3035 1022 3120 ‘empore’
1042 3037 1193 3106 hocloco
1212 3038 1259 3123 (S.
1271 3038 1334 3124 16)
1348 3067 1389 3095 =
1403 3039 1525 3107 ‘horae'
1540 3045 1775 3126 esseetsnpra

580 3161 615 3227 in
635 3160 850 3228 adnotatione
873 3165 916 3241 (p.
940 3160 991 3244 14,
1008 3159 1084 3227 adn.
1098 3161 1131 3239 2)
1142 3159 1317 3228 docuimus
1332 3164 1367 3228 61
1379 3160 1433 3227 his
1443 3161 1526 3229 locis
1536 3165 1650 3246 potest
1661 3163 1775 3232 conflr-

582 3282 684 3350 mari:
710 3282 834 3348 Avien.
857 3281 917 3348 Ar.
943 3280 985 3347 58
1010 3285 1155 3367 tempora
1176 3282 1284 3368 necta,
1310 3282 1423 3350 Germ.
1445 3285 1523 3361 724,
1545 3287 1610 3353 587
1632 3289 1773 3372 tenpore

580 3403 682 3472 coctis
699 3404 780 3489 (724
794 3401 928 3482 =⁹Ap.,
948 3408 1036 3484 Qasr.
1059 3404 1124 3470 731
1145 3403 1252 3474 νυκτὸς
1272 3402 1397 3489 μέτρα).
1417 3405 1499 3474 Voe.
1512 3406 1685 3489 ‘tempora’
1697 3407 1775 3474 huie

578 3526 627 3593 rei
645 3525 863 3608 aptissimum
882 3541 957 3592 esse
969 3527 1005 3592 et
1015 3523 1191 3609 dactylicis
1201 3525 1309 3607 poetis
1321 3525 1471 3594 maxime
1482 3526 1647 3610 plaouIsse
1658 3527 1693 3594 in
1704 3544 1773 3609 pro·

578 3647 693 3731 patulo
722 3650 789 3715 est.
821 3647 979 3714 ceterum
1001 3647 1165 3714 Horatius
1188 3646 1250 3713 hoo
1273 3647 1435 3715 vocabulo
1459 3647 1656 3731 6666166116
1678 3666 1771 3716 num.

580 3769 668 3853 sing.
698 3773 735 3837 et
764 3768 849 3853 plur.
880 3769 916 3835 in
937 3769 1095 3836 omnibus
1118 3769 1239 3851 spatiis
1260 3769 1422 3852 temporIs
1444 3769 1594 3854 Itemque
1617 3770 1653 3836 in
1675 3771 1773 3839 rebus

580 3891 743 3976 secundis,
768 3890 931 3968 adversis,
954 3888 1054 3957 166116
1077 3891 1234 3959 adhibere
1255 3889 1444 3958 consuevit.

624 4013 744 4095 Itaque
772 4012 814 4079 ad
845 4012 908 4079 boc
937 4015 1074 4095 tempus
1105 4029 1172 4079 non
1202 4011 1363 4098 intellexi,
1396 4012 1476 4095 quid
1505 4013 1542 4081 in
1568 4013 1622 4080 his
1645 4013 1770 4082 verbis:

580 4132 679 4221 ‘ficato
705 4134 760 4219 (de
786 4135 927 4215 conatu)
950 4128 1070 4198 rabiosi
1093 4138 1238 4220 tempora
1260 4130 1356 4218 siani’
1380 4150 1585 4217 quemquam
1606 4132 1771 4200 offendere

578 4256 706 4339 possit:
743 4258 935 4337 congruunt
971 4255 1063 4322 enim
1101 4272 1180 4322 cum
1215 4254 1348 4322 Horatii
1378 4255 1509 4323 ratione
1538 4255 1707 4337 cogitandi
1736 4258 1772 4323 et

578 4377 755 4456 scribendi,
778 4380 969 4459 congruunt
992 4376 1109 4444 eadem
1132 4394 1211 4443 oum
1235 4393 1390 4444 sermone
1412 4393 1538 4462 eorum,
1559 4377 1617 4460 qui
1635 4377 1698 4444 has
1716 4393 1771 4444 res

577 4498 765 4579 attingunt,
806 4503 997 4580 congruunt
1036 4517 1115 4566 oum
1153 4515 1306 4566 sermone
1341 4516 1469 4579 eorum,
1504 4498 1562 4582 qai
1594 4496 1636 4566 de
1670 4498 1771 4565 rebus

576 4619 812 4688 astronomicis
841 4623 878 4688 61
900 4621 942 4688 de
964 4623 1169 4705 tempestate
1191 4621 1392 4705 scribebant,
1416 4623 1606 4702 congruunt
1629 4619 1771 4702 denique

576 4758 620 4808 ex
650 4746 746 4824 parte
776 4759 854 4810 oum
884 4741 1027 4828 Avieno,
1054 4741 1188 4810 Horatii
1209 4741 1391 4810 imitatore.
1415 4741 1501 4825 Quid
1523 4741 1628 4824 igitur
1650 4741 1686 4808 in
1708 4741 1771 4808 boc

576 4865 824 4932 sententiarum
859 4881 951 4932 nexu
981 4864 1095 4947 aptius
1126 4863 1308 4944 excogitari
1337 4863 1457 4948 possit,
1487 4880 1624 4947 prorsus
1656 4862 1770 4945 ignom
