3848 6006
930 835 995 904 148

220 1098 223 1103 ,
364 1026 503 1104 paratur
533 1040 554 1088 a
584 1023 723 1090 Platone
752 1019 841 1100 ξτοδτ
867 1016 951 1101 ibic
975 1021 1164 1106 appellatur
1185 1018 1339 1107 (phaedr.
1362 1037 1394 1102 li·
1418 1017 1563 1106 2890);

360 1141 562 1219 inpetatur
593 1146 648 1211 est
678 1144 749 1211 oleo
772 1143 879 1225 ungui
899 1143 992 1211 nulla
1013 1161 1102 1226 aqua
1122 1143 1288 1220 admixta,
1309 1146 1351 1210 ut
1372 1139 1565 1209 luculenter

361 1264 573 1332 demonstrat
594 1264 743 1332 Galenus
764 1265 833 1350 (13,
847 1263 905 1350 55)
927 1265 1025 1333 cuius
1046 1266 1219 1350 verbani
1243 1264 1388 1333 bominis
1410 1263 1447 1330 in
1470 1261 1565 1330 ludis

361 1384 567 1466 gladiatoriis
602 1385 803 1454 medicinam
835 1386 1035 1463 exercentis.
1067 1387 1228 1454 maiorem
1258 1386 1385 1453 habent
1415 1384 1563 1452 auetori-

360 1510 469 1574 tatem
492 1524 595 1589 quarn
617 1504 927 1588 lexicographorum
949 1507 1125 1589 opiniones
1144 1508 1341 1575 contrariae.
1362 1512 1562 1587 Ξτροφοτρτῖο

359 1645 426 1694 non
458 1627 548 1695 idem
580 1628 673 1694 valet
702 1645 742 1695 ac
774 1628 877 1714 „cibis
903 1628 1001 1696 siccis
1026 1628 1151 1706 vesci',
1175 1630 1234 1696 sed
1256 1629 1427 1695 abstinere
1449 1627 1564 1710 epulis

359 1749 558 1815 lautioribus
592 1747 692 1833 (Gall.
727 1749 819 1833 faire
852 1751 1010 1832 mclpre);
1047 1752 1198 1832 tompore
1233 1750 1434 1834 praesertim
1466 1753 1564 1817 ante

363 1871 510 1953 paschali
545 1870 699 1938 monachi
734 1870 844 1952 graeci
877 1867 1127 1952 ξτροφοροῦοτετ
1162 1871 1251 1938 favis
1280 1888 1369 1954 aqua
1398 1868 1563 1938 emollitis

364 1995 547 2059 vescuntur
562 1989 596 2076 ¹),
628 1991 720 2059 victu
744 1992 892 2075 proiecto
915 1992 1127 2077 tenuissimo,
1151 1993 1211 2060 aed
1235 1993 1375 2060 minime
1393 1992 1493 2075 sicca
1518 1994 1564 2060 ut

361 2129 483 2179 nomen
519 2110 761 2191 liparensium
796 2115 882 2181 satis
914 2115 1076 2183 ostendit.
1115 2115 1323 2182 Summaiim
1356 2112 1445 2193 ξηρός
1480 2132 1562 2183 con·

361 2234 513 2314 iungitur
543 2252 620 2302 cum
652 2235 809 2302 omnibns
839 2236 940 2303 rebus
962 2237 1084 2320 quibus
1106 2237 1203 2304 deest
1225 2237 1257 2303 id
1280 2237 1367 2320 quod
1391 2235 1493 2318 vulgo
1516 2236 1562 2304 iia

363 2355 574 2422 attribuitur.
608 2355 698 2434 Ξορότ
724 2353 814 2434 ὶρτοο
836 2357 935 2440 panis
958 2358 1032 2424 sine
1054 2358 1191 2426 obsonio
1215 2363 1374 2434 vocatur;
1399 2355 1489 2438 ὶρτοο
1504 2404 1514 2423 .
1527 2403 1561 2423 ..

364 2476 536 2556 εὕβροοττος
567 2477 640 2557 πρὸς
672 2475 868 2559 ξηροφαγίαν
901 2477 1043 2561 (Athen.
1078 2478 1141 2545 113
1154 2479 1196 2561 Β)
1225 2480 1324 2563 panis
1354 2482 1408 2546 est
1431 2477 1561 2548 nullius

309 2624 311 2629 ⁴
363 2600 572 2668 condimenti
606 2600 777 2684 indigens3
812 2596 902 2677 ἄρτος
938 2598 1135 2679 ξοροτορίτορτ
1169 2599 1311 2685 (Athen.
1351 2602 1414 2667 144
1435 2600 1479 2685 c;
1515 2601 1560 2669 ei.

362 2723 556 2807 Hoffmann,
588 2722 642 2789 die
672 2723 889 2807 llakedouen,
923 2723 1021 2800 1906,
1047 2741 1078 2806 p.
1101 2723 1158 2808 12)
1180 2740 1200 2790 e
1223 2724 1336 2791 tritico
1358 2740 1443 2807 puro
1464 2725 1561 2792 omni

362 2844 490 2911 iuriure
508 2845 666 2926 adempto
685 2844 858 2912 coniectus
877 2846 967 2922 erati
987 2840 1068 2921 ξηροὶ
1089 2841 1172 2909 aa..
1192 2845 1283 2913 nullo
1296 2845 1456 2913 mortario
1468 2846 1563 2913 inter

362 2981 400 3032 se
432 2965 633 3047 copulantur
644 2964 671 3048 ²)
705 2965 815 3050 (hodie
849 2965 937 3032 muri
967 2965 1029 3032 boc
1059 2966 1158 3033 modo
1188 2967 1354 3034 aedificat-i
1385 2963 1560 3047 ξτροιίθοο,

361 3084 578 3167 ξεροτρδχτιλοτ
614 3087 815 3172 vocantur);
847 3084 952 3164 ξηροῖς
985 3085 1088 3165 λέξατο
1120 3088 1221 3171 loqui,
1254 3089 1439 3170 intelligere
1471 3089 1561 3155 κατὰ

362 3211 415 3272 τοῦ
447 3206 547 3287 ξηροῦ,
579 3209 678 3275 undis
709 3209 821 3276 verbis
846 3208 945 3292 loqui,
970 3211 1012 3277 ad
1035 3210 1168 3277 literam
1189 3211 1348 3295 accipere,
1374 3211 1489 3278 verbis
1512 3213 1561 3280 in·

361 3331 497 3397 haerere
533 3330 625 3397 valet
659 3329 840 3415 (Sulcerus,
877 3331 1070 3398 Thesaurus
1103 3330 1364 3410 ecclesiasticus,
1397 3351 1430 3416 p.
1456 3333 1559 3418 443);

359 3451 453 3520 locus
486 3451 622 3534 quidam
656 3452 692 3518 in
726 3452 851 3535 palatio
885 3452 1259 3537 Constantinopolitano
1287 3454 1347 3537 qui
1376 3451 1560 3534 ἔτροττίτοοο

363 3574 610 3651 nominabatur,
643 3573 783 3659 „hortus
813 3573 926 3641 nudus
956 3574 1081 3657 absque
1113 3575 1235 3658 palatio
1259 3593 1381 3659 nempe
1405 3576 1557 3645 hortensi

362 3700 424 3762 aut
457 3694 671 3761 suburbano'
706 3699 789 3772 erat,
820 3698 862 3761 ut
893 3696 1020 3777 optime
1050 3696 1295 3780 interpretatus
1317 3700 1372 3765 est
1396 3698 1560 3768 Reiskius

362 3818 416 3903 (de
439 3816 637 3884 ceremoniis
657 3816 754 3883 aulae
777 3817 979 3900 byzuntinae
1002 3817 1045 3895 ll,
1069 3836 1101 3901 p.
1123 3818 1204 3904 615)
1214 3815 1259 3905 ⁸);
1283 3817 1437 3900 ξεροροιῶ
1460 3821 1560 3890 hodie

399 4137 424 4202 1)
440 4138 479 4188 cl.
495 4136 668 4196 Krumbtcher‚
685 4136 786 4187 Studien
804 4153 833 4186 nn
852 4137 898 4187 dan
915 4135 1043 4202 Legcndcn
1060 4137 1102 4188 der
1120 4138 1152 4190 Η.
1169 4138 1329 4200 Theodotius,
1346 4156 1371 4206 p.
1388 4138 1483 4208 tibtq.
1503 4140 1560 4194 Veri

363 4227 400 4271 ott
422 4220 503 4272 simile
525 4221 588 4270 hene
610 4220 809 4270 consuetudinem
833 4219 893 4270 olim
915 4220 991 4270 ctlrrn
1014 4221 1040 4270 in
1057 4221 1190 4272 Occidente
1207 4239 1256 4273 uon
1275 4223 1382 4287 ignotam
1400 4225 1489 4286 initec3
1506 4242 1561 4292 pro-

362 4302 471 4354 verbium
489 4302 634 4354 nostratium
652 4303 741 4368 teucer
758 4303 838 4351 nukt
853 4318 934 4352 raum
949 4303 1022 4353 bonon
1038 4309 1089 4354 sect
1106 4304 1142 4354 ito
1159 4305 1330 4372 explicandum
1347 4307 1452 4358 ridetur.

395 4387 421 4449 8)
446 4385 540 4435 Idcirco
566 4385 591 4435 in
616 4393 669 4435 orte
695 4385 816 4435 rhetorica
839 4385 967 4434 verborum
990 4387 1128 4437 consecutio
1152 4404 1214 4453 quta
1236 4389 1298 4439 vitat
1319 4405 1389 4440 vocer
1405 4391 1560 4456 copulativae

362 4468 422 4533 {snb
448 4466 567 4526 σίτθτσος
592 4473 693 4517 tuentur
715 4470 833 4531 (Demetr.
858 4466 956 4520 Phalcr.
984 4471 1055 4535 §4);
1090 4471 1229 4537 exemplum
1252 4472 1343 4523 citntnr
1365 4473 1472 4539 primun
1494 4475 1559 4526 illud

362 4549 520 4616 Hippocrati·
537 4550 729 4616 apophthegm.

396 4632 421 4695 8)
445 4632 500 4682 Non
522 4640 587 4683 reete
609 4642 691 4683 rutam
709 4633 794 4683 eodem
812 4633 866 4683 loco
883 4631 997 4683 Rcialriut
1014 4634 1040 4683 in
1057 4634 1181 4686 Theocriti
1199 4637 1279 4687 verbis
1296 4632 1339 4687 iri
1354 4640 1448 4705 ξηροῖσο
1464 4640 1557 4706 aab&

361 4715 440 4780 (nul)
467 4715 548 4773 λίθοις
574 4715 698 4781 supplevit
723 4723 796 4782 atquc
821 4715 995 4780 intorpretatur
1023 4717 1065 4775 „in
1088 4717 1156 4768 durio
1180 4719 1304 4785 lapidibus
1326 4721 1466 4783 collocarit,
1489 4724 1559 4775 nullo

360 4797 469 4863 stragulo
483 4798 631 4848 substrato”.
646 4799 730 4863 imago
744 4814 758 4848 c
772 4815 796 4848 re
811 4799 935 4849 maritima
945 4799 982 4850 vel
993 4799 1124 4866 piscatoria
1132 4801 1244 4852 desumto
1253 4811 1290 4853 oet
1299 4804 1378 4869 (Gall.
1386 4805 1560 4872 nettrcdrec).
