3848 6006
727 1682 761 1763 in
790 1681 961 1765 Senecae
992 1681 1202 1767 Phaedram.

908 1879 1019 1916 sonum

817 2011 847 2078 J.
861 2012 919 2081 W.
932 2013 1115 2080 BIERMA.

366 2333 427 2402 Vs.
451 2332 496 2400 85
519 2350 592 2417 sqq.

595 2456 768 2540 Omoooo
791 2460 880 2526 vorti
903 2460 1002 2526 Croto
1025 2460 1235 2527 dominatrix
1257 2460 1346 2544 freti,

592 2580 691 2646 ocior
708 2597 774 2663 per
795 2598 891 2647 omno
912 2581 994 2647 litus
1016 2583 1213 2649 innumerae
1234 2583 1326 2648 reice

593 2705 724 2769 ionum
743 2707 885 2787 pontum
908 2705 1068 2787 qudquid
1090 2705 1237 2787 Aeeorio
1260 2706 1359 2770 tenue

592 2824 707 2890 tellure
729 2824 859 2892 Nereus
876 2828 1019 2909 peruius
1040 2828 1163 2893 roetre'e
1184 2828 1282 2894 eecot.

410 2945 456 3012 ut
478 2945 518 3012 G.
531 2945 669 3013 Richter
692 2949 729 3014 et
750 2947 817 3013 Fri.
830 2947 906 3033 Leo,
926 2948 1150 3015 recentissimi
1170 2948 1290 3014 harum
1310 2949 1556 3031 tragoediarum

364 3066 520 3148 editores,
544 3066 648 3134 verbe
669 3069 766 3134 ocius
785 3086 848 3152 por
870 3086 966 3135 omno
980 3105 1018 3116 -
1029 3073 1171 3153 ponium
1189 3073 1345 3153 corrumo
1356 3071 1557 3137 habuerunt.

365 3188 481 3271 Neque
510 3187 591 3266 loco,
622 3193 741 3272 utpote
771 3191 829 3273 qui
851 3189 1025 3276 laboraret,
1049 3192 1175 3273 ingenii
1199 3192 1252 3258 sui
1274 3191 1439 3259 auxilium
1460 3208 1559 3273 nega-

365 3313 501 3377 verunt.
536 3310 604 3378 Leo
638 3315 768 3378 uouere
796 3316 928 3396 portue,
960 3313 1099 3380 Richter
1128 3316 1266 3380 tuemur
1296 3332 1391 3380 omno
1421 3313 1558 3394 legendo

364 3435 520 3502 arbitrati
546 3437 639 3517 sunt,
671 3451 809 3501 versum
839 3434 874 3500 in
902 3435 1073 3503 meliorem
1095 3436 1164 3503 iam
1187 3438 1320 3502 statum
1343 3453 1417 3502 sese
1439 3435 1558 3517 perdu-

364 3574 439 3624 cere
460 3574 570 3640 posse.

410 3678 474 3746 Sed
504 3678 696 3746 coniectore
724 3678 856 3757 Leonis,
887 3695 973 3762 quae
1003 3677 1184 3745 inventum
1206 3678 1350 3745 alicuius
1372 3677 1450 3744 Itali
1472 3679 1559 3744 enti·

364 3802 490 3885 quioris
506 3837 541 3848 —
557 3817 637 3867 nam
656 3802 798 3884 penum
819 3803 873 3866 est
894 3799 992 3867 lectio
1016 3800 1220 3866 recensionis
1243 3799 1347 3866 Italae
1365 3799 1505 3867 iunioris
1518 3836 1553 3847 -

364 3924 504 4000 refovet,
531 3922 597 3990 toti
627 3922 747 3988 horum
779 3938 940 3988 versuum
971 3921 1081 3988 tenori
1110 3921 1252 3987 adverse
1272 3923 1346 3997 est,·
1370 3936 1446 3986 eam
1465 3920 1557 3985 enim

364 4045 593 4114 coniectorem
621 4042 652 4108 si
682 4042 719 4108 in
751 4044 886 4108 textum
909 4043 1083 4125 receperis,
1106 4042 1257 4109 Phaedre
1279 4041 1393 4107 laudet
1416 4041 1557 4107 navium

364 4165 641 4235 mercatoriamm
672 4180 814 4244 magnas
844 4164 977 4248 classes,
1010 4182 1096 4247 quae
1122 4182 1182 4248 per
1203 4180 1301 4230 omne
1324 4163 1455 4229 insulae
1476 4160 1557 4228 litus

364 4291 484 4373 portus
517 4286 657 4368 capiunt
690 4285 959 4369 relinquuntque.
991 4286 1150 4369 Quisquis
1180 4303 1267 4370 vero,
1301 4287 1358 4370 qui
1387 4285 1557 4352 Phaedrae

365 4411 413 4478 sit
443 4409 579 4476 animus
610 4407 672 4474 hos
702 4425 824 4475 versos
854 4410 1125 4491 pronuntiantis:
1157 4427 1201 4476 ex
1231 4409 1328 4476 domo
1359 4421 1502 4485 magnae
1521 4407 1557 4470 et

365 4531 515 4615 potentis
545 4529 675 4597 insulae
705 4530 902 4611 regnatrice,
933 4531 1070 4597 nomine
1098 4541 1240 4598 uxorem
1271 4548 1307 4597 re
1336 4529 1494 4612 obsidem,
1520 4546 1557 4596 se

365 4653 547 4736 proiectum
577 4651 717 4719 esseio
746 4651 861 4720 aulam
891 4652 980 4732 regis
1009 4651 1153 4736 hostilis,
1185 4653 1241 4736 qui
1272 4669 1309 4719 se
1340 4651 1494 4733 neglegat
1520 4655 1557 4718 et

364 4773 503 4854 spernat
528 4807 561 4819 -
590 4772 742 4854 quisquis
775 4771 809 4838 id
844 4773 1106 4859 perpensaverit,
1143 4774 1309 4856 concedet,
1345 4776 1423 4856 post
1456 4773 1557 4856 primi
