3848 6006
936 817 977 882 10

359 1004 620 1070 admonerentur
644 1005 839 1070 Homericae
858 1021 1006 1086 poeseos,
1027 1002 1125 1078 θῆλυν
1144 1001 1281 1083 Ὅμηρον
1299 1004 1553 1086 appellaverunt

359 1125 523 1209 poetriam
546 1126 740 1205 l'egeaeam.
766 1127 853 1193 Nam
876 1126 936 1192 vix
956 1127 1151 1193 crediderim
1172 1127 1394 1208 Antipatrum
1414 1127 1552 1193 Thessa·

359 1246 562 1312 lonicensem
596 1248 743 1327 primum
778 1265 878 1314 usum
914 1264 987 1314 esse
1020 1249 1082 1314 hoo
1112 1247 1324 1327 cognomine;
1356 1264 1377 1312 a
1404 1245 1553 1327 poetriae

359 1368 554 1450 aequalibus
584 1369 729 1436 inditum
760 1370 791 1436 ei
821 1386 896 1436 esse
927 1369 1011 1435 milri
1033 1370 1178 1435 videtur.
1202 1369 1282 1435 Erat
1305 1368 1395 1433 inter
1417 1367 1553 1450 Anytes

361 1492 545 1555 sectatores
576 1489 672 1573 Myro
701 1491 837 1574 poetria,
870 1508 955 1573 quae
985 1509 1052 1557 non
1080 1491 1177 1557 modo
1201 1492 1235 1557 in
1259 1487 1514 1573 epigrammatis
1529 1487 1552 1566 ¹)

360 1609 614 1690 diligentissime
644 1611 778 1678 imitata
808 1616 861 1678 est
892 1614 1002 1678 artem
1033 1613 1215 1692 magistrae
1246 1629 1339 1688 suae,
1366 1609 1552 1676 sedetiam

361 1731 590 1798 familiaritate
613 1750 692 1799 cum
714 1749 754 1798 ea
775 1736 849 1800 erat
872 1734 1052 1801 coniuncta
1065 1730 1100 1818 2).
1125 1733 1220 1818 Myro
1243 1737 1359 1800 autem
1380 1734 1414 1799 in
1435 1732 1553 1798 iuven-

361 1855 438 1920 tute
459 1853 662 1935 aliquamdiu
686 1855 820 1938 Anytes
843 1855 1006 1938 discipula
1026 1856 1060 1921 in
1081 1856 1307 1938 Peloponneso
1325 1860 1457 1923 morata
1477 1873 1553 1922 esse

361 1975 505 2052 videtur,
529 1992 594 2057 quo
614 1979 763 2058 tempore
783 1976 1025 2060 Cephisodotus
1044 1977 1192 2061 sculptor
1211 1978 1386 2058 utriusque
1405 1977 1552 2058 poetriae

360 2096 544 2163 elaboravit
579 2097 805 2165 simulacrum.
841 2099 962 2165 Postea
996 2099 1090 2183 Myro
1120 2100 1237 2180 nupsit
1267 2099 1553 2180 Andromachae

360 2235 427 2300 quo
457 2220 586 2301 peperit
616 2218 733 2297 filium,
764 2192 992 2287 nec'fortuito
1023 2222 1152 2287 iactum
1183 2237 1258 2286 esse
1281 2221 1386 2305 credo,
1411 2223 1452 2286 ut
1475 2221 1553 2286 huic

361 2339 459 2406 filiolo
489 2356 612 2406 nomen
642 2341 737 2407 daret
768 2342 923 2408 Homero.
958 2342 1085 2426 ltaque,
1111 2341 1178 2408 nisi
1201 2343 1314 2408 omnia
1339 2360 1393 2409 me
1417 2340 1550 2425 fallunt,

361 2461 530 2527 Homerus
553 2462 700 2542 tragicus
723 2480 844 2530 nomen
869 2481 971 2529 suum
992 2463 1094 2530 habet
1112 2464 1154 2529 ab
1173 2464 1289 2547 Anyto
1308 2464 1446 2546 poetria,
1466 2481 1553 2545 quae

360 2582 429 2649 iam
460 2583 567 2665 ipsius
589 2587 702 2650 aetate
725 2603 747 2651 a
770 2585 914 2669 Graecis,
940 2588 1050 2651 artem
1072 2586 1146 2651 eius
1168 2585 1424 2663 admirantibus,
1447 2584 1553 2667 appol·

361 2704 496 2771 labatur
518 2699 617 2778 θῆλυς
641 2702 791 2786 Ὅμηρος.

361 2859 557 2870 ----

396 2936 423 3001 1)
441 2935 516 2985 duih.
535 2935 577 2985 Gr,
597 2933 629 2984 vl
648 2935 695 2984 lis
714 2940 739 2984 ct
757 2933 790 2984 VI
808 2934 864 2984 189.
881 2933 918 2984 Ol.
937 2937 1021 2985 annot.
1039 2935 1061 2984 8.

396 3019 421 3080 2)
448 3018 485 3069 cf.
513 3016 685 3068 Reitzenstein.
711 3016 852 3082 epigramm
878 3017 927 3066 und
950 3017 1050 3067 Skoliou
1075 3033 1130 3083 pag.
1156 3018 1203 3067 185
1227 3018 1290 3067 inira
1307 3024 1331 3068 ct
1349 3017 1489 3084 speciminis
1504 3017 1553 3067 mei

362 3100 513 3167 inauguralis
529 3116 601 3167 pagg.
619 3101 727 3151 80—89.
