3848 6006
925 826 990 896 188

410 1011 637 1080 Philostratus
667 1011 770 1080 libere
800 1015 960 1079 versatus
982 1011 1018 1079 in
1042 1010 1249 1095 depingendo
1271 1010 1334 1078 hoc
1357 1009 1566 1091 Agathione,

364 1132 415 1200 ita
445 1136 573 1216 tamen,
603 1135 644 1198 ut
675 1132 812 1199 traditis
838 1131 879 1199 de
900 1148 940 1199 eo
962 1130 1084 1199 fabulis
1105 1134 1270 1210 uteretur,
1294 1130 1417 1198 Herodi
1442 1131 1567 1199 Attico

365 1254 593 1321 narrationem
624 1270 723 1321 suam
745 1254 905 1320 attribuit
927 1255 963 1321 in
986 1253 1144 1337 epistula,
1166 1271 1271 1337 quam
1293 1270 1397 1337 supra
1417 1270 1566 1321 comme

365 1378 505 1445 moravi.
536 1376 722 1444 Fritnscbio
752 1376 827 1461 ipsi,
859 1380 900 1443 ut
930 1380 1106 1444 testantur
1135 1377 1209 1445 eius
1232 1377 1336 1444 verba
1361 1377 1565 1465 „Attamen

364 1498 394 1565 si
413 1516 494 1566 vera
512 1498 736 1566 Philostratus
755 1498 903 1575 tradidit,
923 1514 1030 1582 neque
1049 1516 1147 1566 suam
1166 1497 1274 1581 ipsius
1283 1496 1566 1580 superstitionem

366 1620 453 1688 malo
482 1621 665 1688 contribuit
696 1619 835 1688 Herodi:
870 1621 1021 1688 Herodes
1042 1620 1085 1687 ad
1108 1623 1302 1687 extremum
1322 1619 1396 1702 ipse
1420 1619 1564 1701 Agathi-

364 1758 462 1808 onem
493 1741 678 1808 crediderat
707 1744 803 1824 patre
832 1744 953 1808 natum
984 1758 1060 1809 esse
1091 1740 1288 1808 Marathone
1317 1739 1448 1825 heroe”‚
1477 1740 1566 1808 baec

364 1862 511 1946 suspicio
538 1862 677 1929 suborta
705 1861 839 1930 videtur
868 1879 977 1946 neque
1008 1865 1124 1930 tamen
1155 1863 1246 1930 ultra
1273 1862 1424 1946 progredi
1452 1880 1564 1931 ausus

363 1987 428 2066 est,
452 2000 657 2067 quamquam
681 1987 756 2051 tota
777 1983 956 2067 descriptio
979 1987 1016 2052 et
1034 1983 1164 2052 dicendi
1183 2000 1305 2066 genere
1322 1986 1358 2052 et
1377 1984 1563 2053 verborum

364 2123 430 2172 usu
452 2104 489 2171 in
512 2103 755 2172 Philostratum
778 2105 927 2173 maxime
949 2104 1109 2173 convenit
1123 2103 1159 2187 ¹).

410 2225 478 2293 Cur
519 2243 599 2293 vero
635 2226 803 2294 Herodem
837 2226 992 2294 Atticum
1026 2227 1110 2295 baec
1142 2231 1339 2295 narrantem
1372 2226 1562 2307 induxerit,

363 2362 466 2416 causa
484 2348 567 2415 haec
585 2364 660 2415 esse
678 2347 813 2414 videtur
831 2348 918 2431 quod
938 2346 1069 2416 tabulae
1087 2348 1128 2415 de
1139 2348 1381 2417 consuetudine
1391 2352 1429 2416 et
1439 2348 1564 2416 famili·

363 2469 487 2537 aritate
516 2470 617 2536 huius
646 2469 819 2552 sophistae
842 2487 920 2537 cum
943 2471 1134 2552 Agatblone
1157 2470 1316 2554 vulgatae
1337 2475 1445 2554 erant,
1468 2472 1564 2539 unde

364 2591 493 2658 iactum
516 2594 572 2658 est
595 2595 635 2658 ut
658 2593 712 2659 hic
734 2592 878 2659 Herodis
902 2590 1063 2660 Hercules
1085 2588 1303 2675 diceretur2).
1331 2592 1429 2660 Nunc
1450 2593 1562 2660 etiam

364 2710 459 2779 facile
480 2712 638 2796 explicari
661 2715 785 2796 potest,
810 2729 870 2779 cur
892 2711 1117 2780 Philostratus
1134 2711 1281 2780 Sostrati
1299 2714 1446 2781 nominis
1465 2731 1563 2782 men·

364 2834 491 2900 tionem
528 2851 594 2901 non
627 2833 752 2900 lacent.
789 2832 863 2899 Non
897 2834 989 2901 enim
1019 2833 1099 2900 data
1128 2849 1229 2916 opera
1259 2834 1300 2901 de
1331 2851 1371 2902 eo
1393 2835 1474 2917 egit,
1498 2836 1562 2904 sed

363 2957 500 3021 tantum
520 2955 627 3021 obiter
645 2954 680 3019 in
701 2954 773 3021 vita
793 2953 965 3036 sophistae
984 2953 1144 3022 nonnulla
1162 2955 1204 3023 de
1222 2972 1262 3023 eo
1278 2958 1564 3025 commemoravit

363 3092 472 3159 neque
490 3076 631 3142 verbum
643 3076 723 3143 iecit
734 3076 775 3143 de
787 3076 983 3157 ingentibus
993 3079 1030 3142 et
1040 3075 1293 3145 admirabilibus
1303 3077 1378 3146 eius
1388 3078 1561 3162 operibus

364 3197 456 3280 Quae
486 3195 542 3264 illa
563 3215 662 3280 opera
685 3198 823 3274 luerint,
846 3215 909 3264 nos
930 3197 1028 3265 docet
1049 3198 1193 3281 scriptor
1214 3198 1307 3266 vltae
1328 3198 1562 3276 Demonactis.

364 3318 566 3385 incredibilia
592 3319 739 3386 tradens.
772 3319 871 3396 Nam,
895 3323 935 3387 ut
959 3318 1076 3400 λςοεδιι
1101 3319 1234 3400 ἀναιρεῖν
1248 3320 1275 3397 ⁸)
1297 3319 1454 3405 potuerit
1478 3320 1563 3404 quis

363 3439 532 3523 mortalis,
568 3440 635 3506 ulei
669 3439 780 3508 herois
813 3439 942 3508 viribus
972 3441 1163 3507 instructus
1194 3441 1306 3523 potuit
1336 3439 1481 3506 tiosouts
1512 3441 1560 3505 rai

363 3558 476 3637 ἄβατα
508 3561 524 3635 ἢ
557 3561 783 3641 γεφυροῦνται
814 3560 978 3639 δύσπορον
1009 3563 1102 3630 Haec
1132 3579 1264 3646 quoque
1286 3580 1351 3630 nos
1372 3563 1563 3631 admonent

362 3683 403 3749 de
427 3683 581 3751 Herculis
603 3684 780 3767 laboribus,
804 3682 920 3767 quales
943 3689 1186 3751 commemorat
1208 3685 1354 3752 Pausan.
1373 3678 1437 3751 Vl.
1455 3687 1509 3752 21.
1525 3687 1560 3753 3.

363 3805 454 3870 VIII.
489 3807 540 3870 19.
562 3805 593 3871 3.
625 3804 688 3871 IX.
710 3805 764 3871 38.
786 3805 816 3871 ὅ.
841 3805 1001 3887 Inprimis
1023 3807 1139 3872 tamen
1162 3802 1307 3873 Sostrati
1330 3824 1452 3874 nomen
1476 3824 1561 3875 cum

397 3972 424 4036 i)
449 3971 487 4023 ct.
513 3969 629 4021 Philostr.
655 3969 706 4019 rits
732 3968 800 4035 soph.
826 3985 850 4034 p.
869 3968 931 4019 dit:
957 3967 1075 4028 Alliardc
1092 3967 1120 4019 di
1137 3969 1255 4032 Ῥαμαῖας
1274 3968 1321 4032 μὶν
1338 3966 1375 4028 ἦν,
1390 3967 1510 4037 ἧττίαεζε
1529 3970 1562 4023 li

362 4051 444 4115 ὅστις
471 4053 497 4102 αἱ
519 4048 544 4102 ὃν
567 4055 599 4116 τῇ
623 4051 747 4117 μεσογείμ
771 4052 898 4109 Ἀθηναῖοι
920 4060 946 4102 et
966 4052 1040 4103 verbs
1064 4051 1211 4117 Agstlrionis
1233 4052 1259 4102 is
1282 4051 1387 4103 Herodis
1403 4052 1561 4119 epistulsssi

361 4137 485 4198 peremta
508 4136 555 4193 fit
578 4135 698 4191 ’λττιαῆς
716 4132 815 4196 ἀγαθὸν
832 4131 1006 4185 διδασκαλεῖον
1022 4132 1092 4197 ἀνδρὶ
1108 4133 1253 4198 βονλεμίνμ
1267 4132 1450 4199 &malmetun
1465 4137 1562 4190 mirum

360 4218 387 4267 ni
410 4224 512 4281 ntrsque
535 4216 610 4266 dictio
632 4215 783 4265 Philostrato
807 4216 964 4267 attribuends
987 4223 1030 4267 est.
1048 4216 1178 4268 Prseteres
1195 4216 1286 4268 dieitur
1304 4218 1411 4284 Agstlrio
1426 4222 1509 4281 ασμΙν
1526 4238 1561 4272 τε

361 4297 512 4361 συμμέτροις
536 4297 578 4347 καὶ
599 4302 650 4347 τῶν
674 4296 767 4362 ὀφρύσιν
792 4297 888 4357 λασίας
904 4297 976 4362 ’ἐχειν
989 4297 1021 4357 ὥς
1039 4298 1082 4349 καὶ
1098 4298 1256 4365 ξυμβάλλειν
1273 4298 1402 4360 ἀλλήλαις
1419 4295 1469 4351 sier
1486 4302 1561 4363 μίαν,

361 4385 481 4445 χαρασός,
502 4381 605 4444 γρνισός,
628 4388 696 4441 cett„
718 4382 798 4446 qubus
822 4382 969 4447 respondent
992 4382 1017 4432 in
1040 4381 1158 4434 Philostr.
1177 4382 1282 4433 Hernico
1299 4383 1373 4433 rsrbs
1390 4384 1421 4434 de
1437 4383 1561 4438 Sthenelo

361 4480 385 4530 p.
405 4462 462 4524 lca,
491 4463 521 4513 de
549 4463 682 4513 Palamede
707 4479 732 4529 p.
750 4462 807 4522 ils,
833 4463 862 4514 de
887 4463 985 4514 Achille
1009 4480 1035 4530 p.
1053 4464 1102 4518 780
1123 4471 1149 4515 et
1171 4481 1199 4531 p.
1215 4464 1278 4526 7⁸⁸3
1299 4464 1401 4531 longum
1417 4473 1455 4517 est
1471 4467 1560 4519 omnis

359 4562 511 4612 componere.

394 4628 419 4690 2)
437 4628 516 4678 Aliter
533 4628 687 4688 Fritssclrins,
705 4628 748 4694 qui
764 4628 845 4678 locum
862 4636 1003 4695 corruptum
1021 4634 1111 4681 censet.

393 4712 418 4773 8)
442 4710 510 4760 Libri
533 4709 617 4773 dipsas,
642 4712 705 4777 qnod
723 4727 810 4777 pssum
829 4719 892 4761 recte
909 4712 965 4762 Nils
982 4711 1055 4762 Nilen
1074 4713 1098 4762 in
1118 4711 1284 4764 recentissime
1300 4712 1408 4764 editione
1423 4712 1561 4767 retinuisse

360 4793 422 4844 nihi
437 4793 541 4844 ridetur.
