3848 6006
928 822 994 893 276

359 1004 539 1091 Pappulias
554 1003 588 1089 ¹),
612 1026 679 1076 non
702 1009 783 1077 eolis
805 1009 1065 1092 possidentibus.
1089 1007 1152 1078 Sed
1173 1011 1302 1078 domini
1322 1010 1408 1080 satis
1430 1010 1562 1095 ubique

359 1131 487 1213 legibus
516 1137 553 1200 et
575 1132 648 1214 ipso
669 1131 742 1198 iure
764 1131 833 1198 tuti
855 1135 948 1215 sunt,
972 1133 1126 1216 quocirca
1149 1133 1367 1201 verisimilius
1389 1137 1445 1201 est
1468 1133 1563 1217 quod

358 1272 421 1321 nos
444 1254 634 1337 posuimus:
661 1253 911 1337 possidentibus
932 1254 984 1320 τὸν
1008 1250 1147 1335 amem
1170 1252 1337 1322 auxilium
1354 1254 1562 1323 ostendissa

359 1376 467 1457 Atqui
496 1375 639 1442 conferri
668 1375 787 1442 iubent
799 1373 826 1459 ')
850 1376 1084 1443 iusiurandum
1107 1376 1320 1444 bellasticum
1334 1377 1367 1455 ³),
1391 1376 1480 1460 quod
1505 1375 1563 1443 ad-

358 1513 478 1564 versus
502 1506 561 1574 κῆκ
587 1495 771 1574 declarata
794 1501 972 1592 tamquam
995 1496 1281 1582 propugnaculum
1300 1496 1434 1582 aliquod
1453 1497 1563 1564 obiec-

359 1621 435 1685 tum
465 1618 521 1703 eit,
547 1618 685 1701 proinde
708 1623 829 1686 vetant
852 1618 978 1696 miram,
1001 1637 1062 1686 cur
1083 1620 1180 1703 quasi
1201 1618 1347 1687 alterum
1370 1636 1564 1704 propugno

360 1739 473 1806 culum
507 1744 626 1807 contra
653 1741 798 1807 eundem
827 1740 984 1809 timorem
1007 1742 1176 1809 obiectum
1199 1742 1248 1809 sit
1269 1744 1305 1807 τὸ
1330 1746 1383 1806 τοῦ
1406 1739 1563 1821 digama

362 1861 520 1941 κηρυγμα.
557 1860 630 1928 Non
661 1861 948 1941 animadvertunt,
979 1863 1145 1930 adversus
1173 1863 1337 1931 eiusmodi
1359 1867 1495 1931 metum
1519 1866 1562 1931 ut

360 1999 430 2049 non
451 1983 554 2049 fuerit
576 1982 730 2065 ineptum
753 2001 850 2066 spem
873 2000 995 2066 ponere
1014 1984 1049 2051 in
1068 1985 1282 2054 iureiurando
1302 1984 1439 2066 civium,
1459 1984 1563 2053 valde

361 2104 516 2172 futurum
536 2103 640 2172 luisse
658 2104 814 2188 ineptum
834 2104 983 2186 ἄρχοντος
996 2105 1142 2183 sisarae
1154 2107 1321 2184 invocare,
1334 2107 1562 2189 magistratus

361 2226 468 2293 annui
490 2231 526 2292 et
548 2226 712 2293 adversus
734 2225 910 2310 populares
933 2231 1158 2311 tempestates
1181 2245 1221 2295 ac
1243 2225 1403 2311 procedas
1421 2230 1564 2296 omnino

362 2346 489 2414 debilis.
521 2346 615 2414 Idem
646 2364 742 2431 porro
764 2365 870 2430 quum
892 2349 1047 2432 ineptum
1070 2352 1147 2415 tum
1169 2349 1327 2416 Atticum
1350 2366 1425 2417 esse
1447 2367 1563 2434 posse,

363 2468 522 2552 quidquid
541 2470 691 2536 sentient
710 2470 822 2554 ceteri,
845 2473 884 2537 tu
902 2473 993 2537 certo
1006 2487 1140 2537 mecum
1151 2470 1357 2537 diffiteberis.
1370 2470 1565 2538 Verborum

363 2596 480 2658 autem
515 2592 710 2659 Aristotelis
743 2593 773 2659 si
807 2592 887 2675 quid
920 2595 1012 2659 esset
1046 2597 1258 2676 corruptum,
1288 2593 1414 2660 tentari
1443 2596 1565 2674 posset

364 2713 613 2781 rescribendum
627 2731 701 2781 esse
717 2711 911 2795 μ1χηκ11κης
928 2712 1047 2792 viatus,
1062 2714 1096 2781 id
1112 2718 1177 2793 est,
1191 2718 1335 2782 eatenus
1345 2715 1389 2781 ab
1398 2714 1566 2781 archonte

362 2833 538 2901 defensum
558 2835 599 2901 iri
618 2852 855 2919 possessorem,
875 2837 980 2904 donec
1000 2836 1040 2902 de
1058 2835 1262 2920 proprietate
1280 2834 1462 2917 iudicetur;
1482 2835 1567 2919 quia

362 2956 399 3022 in
433 2956 642 3039 possessione
672 2957 799 3024 tuenda
829 2973 962 3039 semper
993 2955 1114 3024 ultima
1144 2955 1233 3023 linea
1263 2956 1329 3023 luit
1358 2958 1491 3040 eritque
1521 2956 1567 3023 de

363 3078 566 3161 proprietate
596 3079 767 3145 sententia
797 3095 906 3161 neque
935 3078 968 3145 id
1000 3077 1144 3145 Graecos
1174 3077 1287 3145 latuit.
1317 3076 1433 3145 Veluti
1464 3077 1568 3146 docet

363 3199 436 3282 ipse
448 3198 649 3267 Aristoteles
665 3200 699 3265 in
714 3198 988 3285 Problematis051
1003 3197 1065 3263 leb
1076 3245 1084 3264 .
1095 3246 1122 3265 ..
1136 3199 1280 3276 η1μκσ1κκ
1296 3195 1348 3263 τὸν
1365 3197 1567 3283 κεκτημένον,

363 3314 418 3391 ἕως
442 3317 480 3382 ἄν
505 3320 598 3403 κριθῇ,
622 3336 684 3388 nec
705 3320 804 3387 aliter
826 3319 897 3401 lege
919 3337 982 3388 sua
1005 3320 1159 3387 definivit
1182 3318 1401 3399 Zaleucusb:
1424 3316 1480 3391 isc
1506 3326 1567 3394 κῆς

366 3442 499 3519 aptatos.
533 3440 598 3508 Sed
632 3457 740 3525 neque
773 3441 1010 3509 vocabulorum
1041 3440 1124 3516 δίκης
1156 3446 1193 3509 et
1223 3441 1324 3521 texit
1355 3444 1568 3524 permutatio

365 3563 647 3648 palaeographicis
666 3564 864 3641 rationibus,
879 3565 1033 3647 aquibus
1048 3564 1203 3631 silatum
1218 3562 1363 3644 digitum
1375 3563 1568 3632 recederem

366 3692 405 3753 tu
434 3690 552 3753 auctor
581 3702 655 3753 esse
687 3684 800 3769 nolles,
832 3685 1088 3753 commendatur
1118 3690 1155 3753 et
1186 3686 1298 3768 potuit
1319 3684 1416 3753 facile
1437 3687 1569 3753 archon

366 3807 592 3875 condicionem
622 3809 789 3891 omittere,
821 3827 924 3892 quam
947 3826 990 3875 ne
1013 3811 1146 3892 praetor
1169 3808 1305 3890 quidem
1328 3808 1505 3875 Romanus
1527 3808 1569 3875 in

367 3926 545 3997 interdicto
564 3948 625 3997 suo
644 3932 829 4013 expressit:
849 3934 890 3998 ut
908 3930 956 3997 sit
975 3930 1143 4014 possessio
1161 3931 1260 3998 firma
1275 3929 1369 3997 salvo
1380 3929 1571 3997 dumtaxat

367 4050 582 4133 proprietatis
606 4052 738 4120 iudicio.
761 4054 819 4119 An
844 4069 922 4120 vero
941 4053 990 4119 sic
1008 4052 1159 4120 abundat
1176 4052 1327 4120 clausula
1339 4050 1433 4130 μέχρι
1461 4052 1570 4132 ἀρχῆς

368 4170 502 4242 strove?
533 4172 609 4240 ideo
640 4174 832 4254 negandum
862 4174 1007 4258 videtur,
1038 4175 1118 4257 quia
1143 4191 1377 4258 possessorum
1400 4174 1573 4242 intererat

367 4291 540 4373 integrum
569 4311 698 4361 annum
728 4295 769 4361 de
799 4295 907 4362 tutela
929 4299 1040 4363 certos
1063 4311 1149 4374 asse,
1172 4295 1259 4378 quod
1282 4295 1371 4378 apud
1394 4295 1573 4363 &manos

404 4491 428 4552 1)
445 4489 537 4540 alceir.
556 4491 600 4540 der
616 4491 717 4542 δικ-81.
735 4489 828 4541 XXVII
846 4506 869 4556 p.
888 4490 946 4542 tol.

402 4573 427 4636 2)
447 4574 579 4624 Photiadea
596 4590 620 4639 p.
639 4575 703 4633 lbo;
721 4573 856 4639 Puppuliaa
872 4590 896 4640 p.
914 4573 973 4624 862.

404 4659 429 4721 d)
447 4657 574 4707 Demosth.
593 4655 671 4705 XXIV
690 4661 702 4719 5
721 4656 778 4706 149.

403 4744 428 4801 4)
446 4743 478 4790 29
497 4745 508 4803 5
528 4742 567 4789 18.

405 4826 428 4886 b)
446 4825 519 4890 Apud
537 4824 623 4889 Polyb.
643 4823 691 4872 xil
710 4824 740 4872 lb
759 4827 770 4885 5
788 4826 811 4873 4.
