3848 6006
694 1733 851 1835 unqua.
867 1789 876 1814 .
891 1789 900 1814 .
916 1790 924 1815 .
941 1731 1051 1815 dena

816 1959 926 1996 mmm

672 2121 703 2188 J.
734 2121 765 2188 J.
795 2121 1077 2190 HARTMAN.

320 2522 523 2589 Miratnrum
554 2520 602 2586 Te
627 2520 782 2598 arbitror,
813 2520 952 2606 Habere,
982 2538 1036 2588 me
1059 2539 1099 2589 eo
1121 2521 1253 2591 Horatii
1276 2539 1388 2602 versu,
1412 2524 1469 2593 ubi

274 2643 409 2711 cuidam
441 2640 571 2710 bomini
604 2641 733 2708 maium
765 2639 924 2709 attulisse
954 2642 1074 2725 linquo
1104 2644 1245 2725 dicatur,
1269 2646 1470 2727 pretioque

275 2779 433 2848 reponere
474 2779 589 2829 ccccm
633 2761 727 2828 velle.
771 2762 867 2829 Hanc
901 2763 992 2830 enim
1030 2764 1145 2846 magni
1179 2783 1330 2848 unquam
1363 2766 1470 2834 fuisse

276 2902 415 2954 cansam
433 2884 555 2952 doloris
573 2901 640 2951 non
660 2881 754 2951 iacile
773 2883 847 2951 Tibi
867 2885 1094 2967 persuadebis,
1114 2886 1169 2953 cui
1187 2886 1270 2953 nibil
1290 2888 1338 2954 sit
1353 2888 1470 2956 iucun-

276 3009 353 3075 dius
389 3024 492 3090 quam
531 3004 715 3073 identidem
753 3004 796 3072 ad
834 3006 1032 3074 convivium
1068 3006 1199 3090 largum
1228 3009 1469 3094 opiparumque

277 3129 422 3197 inritare
440 3144 521 3195 cnm
539 3127 691 3208 cognatis
710 3126 909 3210 intimisque
928 3127 1047 3196 amicis
1062 3145 1164 3211 quam
1180 3129 1342 3212 plurimos
1353 3148 1470 3200 eorum

277 3268 362 3335 qnos
392 3250 519 3318 'l'ecum
548 3249 662 3316 iunxit
684 3246 795 3332 aliqua
819 3247 1009 3316 studiomm
1032 3251 1234 3318 communio.
1258 3252 1404 3334 Quorum
1428 3259 1471 3321 ut

278 3389 423 3455 magnus
443 3372 544 3439 sitin
564 3369 675 3454 patria
693 3374 810 3437 nostra
829 3387 1001 3453 numems‚
1022 3370 1116 3438 Tuus
1134 3373 1287 3441 omnium
1306 3351 1491 3443 bonarum'

278 3495 404 3561 artium
423 3510 518 3560 amor
540 3492 595 3560 ille
617 3491 699 3559 facit
721 3490 789 3558 late
811 3493 934 3575 patens
955 3496 992 3558 et
1015 3493 1075 3559 vin
1098 3491 1174 3561 uilis
1195 3494 1470 3580 circumscriptus

279 3613 445 3683 terminis.
487 3613 624 3682 Etenim
666 3616 761 3680 certe
803 3611 878 3679 'dibi
921 3615 993 3679 stat
1033 3614 1205 3682 sentent-ia
1245 3617 1334 3685 haud
1375 3619 1470 3689 facile

278 3736 424 3804 existere
457 3751 556 3818 posse
587 3734 679 3801 rixas
709 3732 969 3816 inimicitiasque
1000 3734 1176 3802 bominum
1207 3737 1386 3807 oultiomm
1413 3743 1471 3825 qui

278 3858 383 3926 semel
415 3874 486 3925 nna
519 3856 617 3938 genio
650 3853 853 3923 indulserint
885 3857 921 3921 et
952 3856 1041 3922 inter
1075 3858 1193 3940 pocula
1226 3860 1371 3929 iucunde
1401 3865 1472 3931 sint

278 3979 492 4049 confabulati.
534 3979 649 4061 Atque
686 3975 782 4045 facile
813 3975 856 4042 ad
890 3976 999 4043 'l'nam
1033 3982 1183 4047 mentem
1217 3981 1272 4049 hic
1305 3985 1472 4066 pertrahis

279 4119 397 4169 omnes
429 4099 488 4184 qni
516 4099 588 4166 Tua
618 4098 780 4164 fruuntur
803 4096 1013 4178 benignitate
1034 4102 1070 4166 et
1093 4102 1328 4172 urbanissimis
1351 4124 1472 4176 sermo

280 4221 389 4290 nibus.
409 4221 536 4290 Genua
554 4219 643 4288 haud
663 4219 764 4286 mirer
784 4217 814 4285 si
834 4235 856 4286 a
874 4218 994 4301 linquo
1011 4221 1155 4302 quodvis
1175 4223 1302 4292 malum
1322 4231 1471 4312 metuas;

281 4342 412 4411 nntium
441 4343 532 4409 enim
564 4357 715 4424 unquam
745 4339 917 4406 hominem
948 4341 1056 4422 magis
1078 4343 1179 4411 anxie
1201 4351 1380 4415 caventem
1403 4351 1472 4419 vidi

280 4481 326 4532 ne
353 4463 409 4531 illa
437 4479 643 4546 quemquam
671 4460 826 4530 laederet
856 4460 962 4544 Saepe
985 4462 1111 4532 Tecum
1134 4482 1203 4534 una
1227 4467 1286 4553 dri,
1310 4471 1369 4536 sed
1391 4488 1473 4539 nnn-

280 4602 383 4669 quam
406 4584 454 4653 'i'o
475 4584 517 4651 de
539 4581 607 4651 nilo
631 4582 767 4650 homine
790 4581 923 4650 literato
945 4584 1097 4652 acerbius
1119 4588 1234 4656 audivi
1256 4590 1473 4662 iudicantem.

281 4707 327 4774 lit
348 4723 435 4790 quae
456 4703 567 4774 multa
588 4706 691 4788 atque
714 4701 846 4788 egregia
867 4704 1032 4787 scripsisti
1051 4725 1092 4775 ea
1109 4713 1171 4777 aut
1190 4712 1304 4779 omnia
1323 4719 1384 4781 aut
1402 4717 1474 4782 tan-

281 4832 358 4897 tum
392 4845 460 4898 non
494 4826 608 4896 omnia
637 4825 711 4912 legi,
744 4825 803 4894 sed
834 4824 966 4894 nullum
996 4829 1042 4896 ibi
1072 4831 1188 4900 inveni
1218 4835 1360 4902 verbum
1386 4835 1474 4918 quod
