4144 6154
855 963 922 1028 409

289 1145 407 1226 possit.
437 1143 553 1227 Neqne
582 1143 649 1211 ullo
677 1141 777 1211 modo
799 1143 936 1227 mirum,
959 1143 1092 1226 qnando
1114 1143 1326 1212 emendaturi
1347 1143 1484 1226 quidem

288 1269 404 1332 efflent
433 1265 664 1332 Athenienses
690 1266 840 1347 -quod
869 1265 920 1332 ita
948 1283 1024 1332 effi
1053 1269 1188 1333 constet
1215 1283 1237 1332 e
1260 1265 1485 1333 Demosthene

289 1387 343 1468 (de
365 1385 441 1454 tels
464 1386 528 1468 leg.
552 1385 635 1460 331)
661 1421 697 1432 -
724 1386 816 1468 pecie
838 1385 1067 1454 Philocratem
1088 1387 1331 1468 conditionem,
1361 1387 1484 1470 discep

289 1511 403 1576 tatum
432 1524 564 1590 qnoque
585 1523 661 1574 eme
689 1543 722 1554 -
749 1507 907 1590 quemvis
928 1508 962 1575 id
985 1511 1078 1576 esset
1099 1513 1353 1592 praeposterum
1380 1545 1416 1558 -
1442 1510 1486 1577 de

289 1627 496 1714 Amphipoli,
526 1647 630 1712 quem
659 1629 729 1696 iem
760 1630 837 1713 plus
859 1629 1048 1714 quindecim
1069 1648 1179 1698 annos
1202 1631 1387 1714 possideret
1410 1633 1486 1699 Phi·

290 1751 410 1836 lippus,
439 1769 543 1834 qnam
573 1751 643 1818 iam
671 1755 753 1820 ante
783 1756 928 1835 quatuor
949 1769 1057 1819 annos
1079 1752 1342 1820 Atheniensium
1364 1753 1486 1834 legatis

290 1876 366 1940 tum
388 1873 551 1956 temporis
569 1890 687 1956 paoem
705 1873 955 1957 pmeperetnris
974 1890 1083 1956 neque
1101 1872 1185 1942 veile
1203 1890 1240 1940 ee
1258 1890 1366 1957 neque
1387 1890 1487 1958 posse

290 1994 424 2062 reddere
454 1995 732 2063 demonstrasset
755 1996 926 2063 Nimirum
948 1996 1011 2063 hoc
1033 1996 1243 2079 popularium
1264 1996 1339 2063 eine
1360 1997 1486 2064 celetis

289 2121 462 2186 craterum
485 2115 766 2197 χαρακτηριστικόν
787 2123 842 2186 ast
859 2155 892 2167 ·-
909 2120 998 2202 quod
1021 2135 1121 2186 nemo
1143 2116 1265 2185 melius
1287 2135 1389 2201 quem
1412 2119 1486 2202 ipse

290 2237 413 2306 Beloch
440 2241 614 2322 perspexit
636 2276 672 2288 -
695 2239 779 2306 nihil
808 2257 906 2322 egere
934 2258 995 2324 pro
1024 2256 1061 2306 re
1083 2243 1120 2308 et
1142 2244 1304 2323 tempora,
1328 2256 1371 2307 ne
1393 2239 1487 2307 flocci

290 2359 426 2443 quidem
449 2360 557 2428 iacere
578 2361 738 2445 quidquid
761 2362 844 2444 ipsis
866 2362 987 2430 invitis
1009 2380 1160 2446 unqnsm
1182 2361 1407 2430 convenisset
1431 2359 1488 2428 Sic

291 2481 548 2560 Demosthenes,
567 2487 609 2550 nt
626 2483 692 2552 ulio
710 2482 863 2568 exemplo
881 2487 969 2566 utar,
989 2485 1146 2567 quamvis
1156 2501 1177 2551 a
1189 2501 1269 2568 pace
1281 2481 1489 2551 Philocrates

292 2603 480 2671 Phocenses
501 2603 631 2672 excludi
652 2605 816 2672 sivissent
837 2604 1074 2688 Athenienses,
1093 2623 1203 2690 neque
1220 2605 1487 2673 illorumnomen

292 2723 328 2790 in
355 2725 423 2808 pila
445 2743 506 2808 pro
526 2726 619 2809 pacis
640 2729 862 2793 monumento
884 2729 1043 2794 extructa
1066 2727 1212 2794 incisum
1233 2731 1336 2810 esset,
1360 2730 1487 2806 tamen.

292 2847 379 2929 qnod
410 2864 431 2914 a
460 2846 613 2930 Philippo
642 2848 748 2915 coacti
777 2850 896 2915 essent
917 2849 1011 2916 cives
1032 2849 1095 2933 eui,
1120 2852 1199 2932 post
1221 2866 1338 2933 pacem
1360 2848 1487 2916 eccam

292 2988 358 3038 non
381 2969 553 3036 dubitavit
574 2986 633 3037 eos
655 2987 791 3038 monere
813 2973 854 3037 nt
876 2970 1064 3038 Phocenses
1082 2971 1126 3038 eb
1145 2971 1201 3037 illo
1219 2971 1437 3038 defenderent
1451 2969 1487 3054 't

293 3089 347 3159 Sic
368 3091 604 3168 Athenienses.
623 3093 782 3173 quamvis
800 3091 912 3175 populi
931 3091 1017 3159 scito
1038 3091 1221 3160 Cerdisnos
1239 3110 1259 3160 e
1278 3109 1342 3160 sua
1359 3092 1488 3159 dicione

291 3213 500 3280 exemissent
511 3211 549 3294 ¹),
583 3217 701 3281 temen
735 3213 862 3297 aliquot
894 3215 993 3282 annis
1026 3221 1105 3298 post
1133 3231 1249 3282 eorum
1280 3213 1488 3295 ephesini

293 3335 553 3403 vindicaverunt
565 3331 601 3418 ³),
632 3335 721 3418 qnod
751 3352 831 3402 uum
860 3352 918 3418 per
948 3351 986 3402 se
1007 3339 1141 3402 constet
1162 3354 1184 3403 a
1206 3335 1279 3402 suis
1300 3334 1488 3402 oratoribus

292 3461 464 3541 permotos
492 3458 621 3542 iecisse,
651 3459 891 3525 convenienter
919 3459 1114 3526 invenimus
1136 3458 1173 3524 in
1196 3457 1348 3525 cretione
1370 3459 1489 3525 nostre

293 3581 462 3646 oratorem
491 3579 524 3646 id
556 3579 696 3646 suadere
717 3596 826 3662 neque
846 3579 1002 3646 dubitare
1024 3581 1106 3663 quin
1128 3579 1162 3647 id
1184 3579 1250 3646 sihi
1272 3579 1387 3646 liceret
1408 3594 1488 3645 cum

294 3700 408 3783 populi
437 3701 525 3768 scitu
554 3701 626 3784 ipse
655 3701 1055 3784 continentemque.
1086 3701 1198 3784 Quid?
1228 3701 1341 3784 populi
1363 3701 1489 3768 scitum

293 3838 427 3904 quoqne
460 3839 564 3888 suum
597 3821 639 3888 de
672 3822 765 3905 pacis
799 3821 1024 3890 Philocteteus
1058 3822 1247 3890 conditione
1279 3821 1489 3890 emendenda

295 3943 502 4010 centrarium
533 3943 668 4026 quidem
691 3942 792 4010 huius
814 3943 907 4026 pacis
929 3943 1159 4026 fundamento,
1182 3947 1220 4012 ut
1243 3947 1360 4010 tamen
1381 3943 1488 4026 legiti-

295 4081 391 4130 mum
422 4063 528 4132 misse
557 4063 742 4147 contendit,
771 4082 850 4132 curn
880 4065 1010 4133 scilicet
1037 4065 1118 4132 illud
1140 4082 1285 4148 pravum
1307 4065 1430 4132 luisset
1450 4066 1490 4132 et

296 4182 417 4251 inutile
428 4185 486 4264 (24
499 4189 574 4268 su).
593 4185 645 4252 At
663 4185 816 4252 Belochio
834 4185 868 4251 id
886 4186 999 4267 ipsum
1018 4184 1104 4267 qnod
1116 4189 1233 4252 noster
1251 4187 1489 4264 repatriare

295 4303 379 4371 otte
412 4306 574 4390 populum
604 4324 642 4373 se
672 4321 807 4386 rogasse
837 4307 896 4388 ait,
927 4309 1126 4389 argumento
1156 4310 1220 4391 est
1250 4323 1330 4374 eum
1360 4308 1489 4375 nescire

295 4427 404 4509 legem
433 4427 640 4510 distinguere
669 4445 691 4494 e
721 4427 836 4510 populi
863 4428 960 4495 scito.
991 4429 1065 4495 Hoc
1094 4443 1174 4496 vero
1196 4427 1279 4494 nihil
1301 4444 1378 4495 esse
1395 4433 1488 4510 puto.

330 4700 356 4764 1)
374 4700 437 4752 rit·
453 4701 628 4767 linmceym
645 4701 710 4752 1⁹08
727 4717 752 4767 p.
769 4700 880 4766 11ης.

331 4782 444 4845 tillo.
469 4789 555 4834 watra
575 4782 694 4835 Arietem.
717 4783 774 4844 1⁸1,
795 4782 869 4834 Diod.
892 4779 1489 4848 muldeqmlocaridasabaierrd.

295 4863 790 4931 Damm8.2.1¹p.445inn.).

329 4947 355 5011 1)
374 4945 495 4997 laihaim
512 4946 538 4996 in
556 4949 656 5012 Argum.
676 4949 746 4998 Dona.
762 4962 797 4998 or.
814 4945 870 5010 rapi
886 4949 936 4996 τῆν
953 4941 979 4996 ia
996 4962 1104 5010 mm.
1123 4947 1148 4998 Ι.
