4144 6154
848 935 914 1006 397

282 1116 379 1184 iidem
400 1133 612 1201 corrumpere
630 1121 705 1185 tam
723 1134 824 1201 saepe
843 1117 969 1201 placuit
987 1116 1208 1201 quibusdem
1227 1134 1294 1201 quo
1305 1117 1341 1184 in
1354 1132 1474 1199 genere

281 1239 430 1306 crebrius
447 1239 538 1323 apud
556 1239 672 1306 doctos
688 1238 819 1306 ricinos
839 1243 973 1306 nostros
992 1237 1180 1306 Germanos
1194 1255 1298 1322 quam
1308 1239 1398 1323 apud
1412 1255 1475 1308 nos

281 1360 410 1444 pocomi
432 1360 527 1428 solet.
551 1360 674 1443 Quodsi
697 1377 879 1429 numerum
897 1359 1073 1428 denarium
1092 1379 1136 1430 ex
1155 1360 1267 1428 verbis
1279 1358 1475 1429 Aristotelis

281 1499 455 1552 removere
484 1483 645 1552 debemus
674 1484 762 1566 quod
792 1483 898 1552 iabus
921 1483 979 1562 sit,
1003 1501 1069 1567 quo
1092 1483 1164 1550 iure
1186 1500 1264 1550 eum
1288 1483 1475 1551 retinemus

281 1603 316 1671 in
347 1604 507 1688 Apologia
536 1603 714 1672 Platonis?
744 1605 914 1673 Facillime
938 1605 1100 1672 nimirum
1123 1605 1173 1672 ita
1196 1621 1314 1672 omnes
1337 1602 1476 1672 difficul-

282 1727 375 1793 tates
405 1725 600 1794 solvuntur!
634 1727 721 1794 Raro
750 1729 868 1794 autem
889 1725 1011 1796 accidit
1033 1729 1074 1794 ut
1096 1725 1262 1794 eiusmodi
1284 1725 1476 1793 coniectura

282 1847 432 1930 pessima
459 1850 494 1914 et
525 1848 642 1931 utique
665 1847 765 1915 fallax
789 1851 862 1916 tam
884 1847 980 1916 facile
1003 1847 1133 1931 explodi
1156 1847 1266 1930 possit
1287 1863 1390 1929 quam
1413 1846 1476 1914 hoc

281 1968 352 2037 leco
375 1969 448 2037 fleri
469 1973 600 2053 potest;
624 1987 691 2053 que
713 1970 742 2036 si
765 1969 988 2037 abstinuisset
1006 1969 1104 2036 Blass
1122 1969 1176 2036 vir
1195 1971 1317 2036 acutus
1335 1971 1372 2036 et
1390 1967 1476 2035 ertis

281 2091 418 2158 criticae
448 2109 538 2158 unus
568 2091 722 2159 omnium
751 2091 986 2177 peritissimus,
1018 2109 1087 2159 non
1117 2091 1252 2175 culpam
1281 2089 1476 2158 Aristotelis

282 2229 342 2295 per
371 2230 409 2280 se
433 2212 501 2280 inm
524 2214 610 2282 satis
632 2229 771 2295 mrem
794 2213 830 2280 in
852 2213 979 2281 crimen
1002 2212 1167 2280 mendecii
1191 2211 1380 2295 turpissimi
1401 2227 1478 2279 con·

283 2334 456 2402 vertisset.
486 2333 640 2402 Iamvero
670 2338 801 2402 eertum
831 2337 1004 2402 auctorem
1036 2352 1143 2402 unum
1172 2335 1295 2403 saltem
1318 2332 1477 2402 habuisse

284 2455 502 2524 Aristotelem
531 2455 624 2524 isoile
655 2456 921 2536 demonstratum
953 2457 1040 2539 quod
1071 2457 1167 2540 dixit,
1191 2456 1282 2524 inter
1304 2459 1477 2539 praetores

283 2578 524 2646 mndemnatos
556 2579 661 2646 ruisse
687 2579 850 2662 quosdam
883 2577 933 2642 ἔτ’
958 2577 1126 2658 &thespiae
1157 2579 1226 2652 recle
1251 2574 1413 2654 callosae,
1443 2576 1477 2644 id

283 2717 326 2768 ex
355 2701 429 2785 ipso
459 2701 685 2784 Xenophonte
715 2702 758 2770 ab
786 2718 826 2769 eo
857 2705 1033 2785 sumptum
1065 2703 1113 2770 sit
1142 2717 1281 2769 neeesse
1310 2705 1373 2784 est
1397 2700 1477 2784 quia

285 2823 472 2905 Xenophon
492 2823 525 2890 id
545 2823 684 2891 tradidit
702 2825 738 2890 in
757 2841 798 2891 ea
816 2823 1019 2892 narrationis
1030 2840 1111 2892 suae
1122 2827 1219 2908 perte
1230 2839 1317 2907 quae
1329 2823 1477 2891 maxime

284 2944 315 3012 ei
344 2945 479 3029 propria
504 2949 568 3029 est,
592 2945 743 3015 oratione
764 2944 995 3030 Euryptolemi
1010 2943 1045 3026 ¹).
1069 2945 1113 3013 nt
1134 2961 1253 3015 revera
1274 2945 1478 3014 Aristoteles

284 3067 503 3150 Xenophonti
533 3067 596 3134 hac
624 3067 660 3135 in
689 3085 726 3137 re
755 3084 886 3152 quoque
914 3084 1033 3135 aurem
1063 3068 1231 3150 praebuit,
1268 3067 1356 3151 quod
1388 3067 1478 3134 dlxlt

284 3188 446 3271 quosdam
477 3192 648 3273 praetores
676 3206 743 3256 non
774 3189 969 3256 interfuisse
996 3205 1146 3273 pugnae3
1175 3190 1225 3258 eis
1247 3189 1361 3256 verbis
1383 3189 1477 3257 enim

285 3309 421 3394 respicit
449 3310 620 3378 Cononem
649 3314 687 3379 et
716 3310 880 3380 Leontem
910 3329 1012 3396 quem
1037 3330 1097 3397 pro
1120 3312 1343 3380 Archestrato
1364 3313 1478 3394 posuit

285 3430 483 3516 Xenophon.
515 3432 726 3516 Quamquam
756 3433 806 3500 ita
835 3433 963 3500 nescire
991 3451 1058 3503 non
1082 3433 1203 3516 potuit,
1227 3449 1285 3500 eos
1307 3436 1478 3516 praetores

286 3553 471 3621 secundum
508 3553 770 3637 Xenophontem
804 3571 872 3623 non
905 3555 1010 3623 fuisse
1043 3571 1221 3622 unacum
1251 3555 1372 3622 ceteris
1403 3569 1479 3622 cen·

285 3674 471 3758 demnatos,
502 3678 539 3743 et
559 3678 636 3743 uoto
658 3679 795 3744 tantum
817 3677 1003 3745 secundum
1026 3695 1106 3745 eum
1128 3693 1203 3744 esse
1224 3675 1478 3762 condemnatos,

286 3813 348 3864 sex
378 3798 524 3864 necatos
556 3797 782 3865 Nihilominus
813 3801 927 3883 spreto
958 3798 1185 3883 Xenophonte
1207 3798 1269 3865 hoc
1291 3797 1478 3865 affirmavit

287 3919 499 3998 Aristoteles,
527 3917 601 3986 illos
630 3921 736 3986 etiam
766 3921 1007 3988 condemnatos
1035 3937 1127 4006 esse,
1157 3920 1216 4004 qui
1248 3935 1380 4003 pugnae
1410 3937 1478 3987 non

287 4039 531 4108 intermiscent.
564 4041 718 4109 Totidem
748 4043 861 4110 verbis
895 4059 971 4111 eam
1001 4043 1205 4110 calumniam
1230 4042 1351 4125 populo
1373 4041 1480 4109 Athe

287 4162 407 4244 utensi,
438 4163 535 4230 cuius
565 4162 712 4247 hospitio
742 4165 903 4232 tamdiu
935 4183 1019 4233 usus
1049 4167 1114 4244 est,
1143 4165 1342 4247 adspergere
1372 4179 1479 4230 ausus

287 4287 350 4350 est
383 4282 448 4350 Sed
479 4299 557 4350 eum
585 4283 618 4349 id
648 4283 818 4353 iacturum
848 4303 916 4355 non
947 4287 1053 4354 tuisse
1083 4302 1219 4371 prorsus
1239 4287 1371 4351 eertum
1394 4282 1479 4349 mihi

287 4408 350 4486 eet,
382 4404 449 4472 nisi
478 4404 652 4472 habuisset
681 4409 855 4474 auctorem
885 4425 987 4491 quem
1018 4405 1177 4475 sesain
1201 4422 1237 4474 re
1261 4401 1479 4486 Xenophonti

288 4526 452 4609 praeferre
480 4529 543 4593 aut
572 4525 691 4594 dehere
718 4530 780 4595 aut
802 4529 925 4596 saltem
948 4547 1046 4611 posse
1069 4529 1228 4595 crederet.
1251 4525 1286 4593 ls
1307 4527 1427 4592 auctor
1447 4523 1480 4591 ei

323 4759 347 4821 1)
364 4758 423 4808 Xon.
449 4753 518 4805 nen.
543 4751 656 4805 Lm:
683 4753 709 4803 o!
727 4752 846 4813 τοθὸντοι
871 4753 921 4806 tet
945 4757 992 4805 rod
1008 4751 1167 4817 αὐτομάτου,
1184 4746 1216 4802 ὗν
1234 4745 1269 4810 οἷς
1287 4753 1338 4801 vde
1355 4745 1480 4811 οἱμοτίμον

290 4843 437 4902 στρατηγῶν
462 4835 505 4886 ἐπὶ
528 4832 674 4894 καταδύσης
698 4837 755 4895 νοὸς
778 4834 913 4895 διασωθείς,
927 4835 954 4886 tv
971 4835 1101 4887 κελεύοντι
1118 4839 1151 4900 τῇ
1169 4832 1235 4900 οὔτῇ
1256 4831 1332 4896 ψήφῳ
1349 4829 1481 4894 κρίνεσθαι,

290 4919 502 4972 salubrium
522 4915 634 4980 tropus
651 4915 807 4982 harpinum,
824 4915 883 4984 ἦτορ
900 4919 960 4977 τοῦς
976 4917 1003 4968 οὔ
1021 4917 1166 4986 τρύξοντα
1184 4917 1219 4966 τὰ
1236 4911 1438 4979 τροςτοχθέοτκ.
