<?xml version="1.0" encoding="UTF-8"?>
<!DOCTYPE html PUBLIC "-//W3C//DTD XHTML 1.0 Transitional//EN"
    "http://www.w3.org/TR/xhtml1/DTD/xhtml1-transitional.dtd">
<html xmlns="http://www.w3.org/1999/xhtml" xml:lang="en" lang="en">
 <head>
  <title>
</title>
<meta http-equiv="Content-Type" content="text/html;charset=utf-8" />
  <meta name='ocr-system' content='tesseract 3.04.00' />
  <meta name='ocr-capabilities' content='ocr_page ocr_carea ocr_par ocr_line ocrx_word'/>
</head>
<body>
  <div class='ocr_page' id='page_1' title='image "./sertumnabericum00nabegoog_0063.png"; bbox 0 0 4136 6134; ppageno 0'>
   <div class='ocr_carea' id='block_1_1' title="bbox 1083 912 1222 982">
    <p class='ocr_par' dir='ltr' id='par_1_1' title="bbox 1083 912 1222 982">
     <span class='ocr_line' id='line_1_1' title="bbox 1083 912 1222 982; baseline 0 0"><span class='ocrx_word' id='word_1_1' title='bbox 1083 969 1086 976; x_wconf 90' lang='lat'><strong>.</strong></span> <span class='ocrx_word' id='word_1_2' title='bbox 1178 912 1222 982; x_wconf 81' lang='grc'><strong>50</strong></span> 
     </span>
    </p>
   </div>
   <div class='ocr_carea' id='block_1_2' title="bbox 596 1095 1795 1673">
    <p class='ocr_par' dir='ltr' id='par_1_2' title="bbox 596 1095 1795 1673">
     <span class='ocr_line' id='line_1_2' title="bbox 599 1095 1795 1190; baseline -0.007 -18"><span class='ocrx_word' id='word_1_3' title='bbox 599 1098 682 1187; x_wconf 87' lang='lat' dir='ltr'><strong>tiva,</strong></span> <span class='ocrx_word' id='word_1_4' title='bbox 703 1119 908 1190; x_wconf 89' lang='lat' dir='ltr'><strong>quamquam</strong></span> <span class='ocrx_word' id='word_1_5' title='bbox 926 1103 1063 1171; x_wconf 86' lang='lat' dir='ltr'><strong>inverso</strong></span> <span class='ocrx_word' id='word_1_6' title='bbox 1081 1101 1197 1169; x_wconf 83' lang='lat' dir='ltr'><strong>ordine</strong></span> <span class='ocrx_word' id='word_1_7' title='bbox 1216 1101 1326 1186; x_wconf 86' lang='lat' dir='ltr'><strong>posita</strong></span> <span class='ocrx_word' id='word_1_8' title='bbox 1344 1101 1437 1178; x_wconf 92' lang='lat' dir='ltr'><strong>sunt,</strong></span> <span class='ocrx_word' id='word_1_9' title='bbox 1457 1096 1602 1180; x_wconf 78' lang='lat' dir='ltr'><strong>legimus</strong></span> <span class='ocrx_word' id='word_1_10' title='bbox 1617 1095 1795 1166; x_wconf 88' lang='lat' dir='ltr'><strong>coniuncta</strong></span> 
     </span>
     <span class='ocr_line' id='line_1_3' title="bbox 598 1222 1795 1306; baseline -0.005 -14"><span class='ocrx_word' id='word_1_11' title='bbox 598 1225 665 1292; x_wconf 72' lang='lat' dir='ltr'><strong>(lio.</strong></span> <span class='ocrx_word' id='word_1_12' title='bbox 690 1226 732 1293; x_wconf 90' lang='lat' dir='ltr'><strong>de</strong></span> <span class='ocrx_word' id='word_1_13' title='bbox 763 1227 856 1292; x_wconf 90' lang='lat' dir='ltr'><strong>Orat.</strong></span> <span class='ocrx_word' id='word_1_14' title='bbox 880 1224 914 1292; x_wconf 92' lang='grc' dir='ltr'><strong>ΙΙ</strong></span> <span class='ocrx_word' id='word_1_15' title='bbox 945 1223 1019 1303; x_wconf 75' lang='lat'><strong>§15</strong></span> <span class='ocrx_word' id='word_1_16' title='bbox 1051 1223 1139 1290; x_wconf 79' lang='lat' dir='ltr'><strong>Tum</strong></span> <span class='ocrx_word' id='word_1_17' title='bbox 1170 1222 1329 1290; x_wconf 82' lang='lat' dir='ltr'><strong>Crassus:</strong></span> <span class='ocrx_word' id='word_1_18' title='bbox 1362 1222 1535 1306; x_wconf 83' lang='lat' dir='ltr'><strong>Equidem,</strong></span> <span class='ocrx_word' id='word_1_19' title='bbox 1566 1236 1795 1303; x_wconf 82' lang='lat' dir='ltr'><strong>quaecumque</strong></span> 
     </span>
     <span class='ocr_line' id='line_1_4' title="bbox 597 1340 1794 1426; baseline -0.006 -13"><span class='ocrx_word' id='word_1_20' title='bbox 597 1364 660 1414; x_wconf 87' lang='lat' dir='ltr'><strong>vos</strong></span> <span class='ocrx_word' id='word_1_21' title='bbox 694 1364 797 1414; x_wconf 92' lang='lat' dir='ltr'><strong>causa</strong></span> <span class='ocrx_word' id='word_1_22' title='bbox 831 1347 897 1414; x_wconf 89' lang='lat' dir='ltr'><strong>huc</strong></span> <span class='ocrx_word' id='word_1_23' title='bbox 929 1343 1115 1426; x_wconf 74' lang='lat' dir='ltr'><strong>attulisset,</strong></span> <span class='ocrx_word' id='word_1_24' title='bbox 1149 1343 1304 1422; x_wconf 86' lang='lat' dir='ltr'><strong>laetarer,</strong></span> <span class='ocrx_word' id='word_1_25' title='bbox 1335 1361 1415 1412; x_wconf 91' lang='lat' dir='ltr'><strong>cum</strong></span> <span class='ocrx_word' id='word_1_26' title='bbox 1443 1342 1532 1426; x_wconf 87' lang='lat' dir='ltr'><strong>apud</strong></span> <span class='ocrx_word' id='word_1_27' title='bbox 1562 1360 1617 1410; x_wconf 89' lang='lat' dir='ltr'><strong>me</strong></span> <span class='ocrx_word' id='word_1_28' title='bbox 1647 1340 1794 1409; x_wconf 86' lang='lat' dir='ltr'><strong>viderem</strong></span> 
     </span>
     <span class='ocr_line' id='line_1_5' title="bbox 598 1461 1794 1535; baseline -0.004 -2"><span class='ocrx_word' id='word_1_29' title='bbox 598 1467 752 1535; x_wconf 89' lang='lat' dir='ltr'><strong>homines</strong></span> <span class='ocrx_word' id='word_1_30' title='bbox 787 1467 871 1534; x_wconf 92' lang='lat' dir='ltr'><strong>mihi</strong></span> <span class='ocrx_word' id='word_1_31' title='bbox 903 1466 1097 1534; x_wconf 87' lang='lat' dir='ltr'><strong>carissimos</strong></span> <span class='ocrx_word' id='word_1_32' title='bbox 1132 1469 1168 1532; x_wconf 98' lang='lat' dir='ltr'><strong>et</strong></span> <span class='ocrx_word' id='word_1_33' title='bbox 1201 1465 1426 1533; x_wconf 90' lang='lat' dir='ltr'><strong>amicissimos</strong></span> <span class='ocrx_word' id='word_1_34' title='bbox 1460 1466 1526 1532; x_wconf 86' lang='lat' dir='ltr'><strong>cet.</strong></span> <span class='ocrx_word' id='word_1_35' title='bbox 1555 1463 1668 1530; x_wconf 83' lang='lat' dir='ltr'><strong>Etiam</strong></span> <span class='ocrx_word' id='word_1_36' title='bbox 1698 1461 1794 1529; x_wconf 88' lang='lat' dir='ltr'><strong>iuvat</strong></span> 
     </span>
     <span class='ocr_line' id='line_1_6' title="bbox 596 1585 1793 1673; baseline -0.005 -16"><span class='ocrx_word' id='word_1_37' title='bbox 596 1588 731 1657; x_wconf 80' lang='lat' dir='ltr'><strong>laudam</strong></span> <span class='ocrx_word' id='word_1_38' title='bbox 750 1589 979 1657; x_wconf 90' lang='lat' dir='ltr'><strong>Horatiauum</strong></span> <span class='ocrx_word' id='word_1_39' title='bbox 997 1585 1079 1654; x_wconf 88' lang='lat' dir='ltr'><strong>illud</strong></span> <span class='ocrx_word' id='word_1_40' title='bbox 1100 1587 1349 1673; x_wconf 81' lang='lat' dir='ltr'><strong>(Sat.16,70):</strong></span> <span class='ocrx_word' id='word_1_41' title='bbox 1368 1587 1398 1655; x_wconf 90' lang='lat' dir='ltr'><strong>si</strong></span> <span class='ocrx_word' id='word_1_42' title='bbox 1417 1589 1454 1655; x_wconf 96' lang='lat' dir='ltr'><strong>et</strong></span> <span class='ocrx_word' id='word_1_43' title='bbox 1465 1587 1546 1656; x_wconf 84' lang='lat' dir='ltr'><strong>vivo</strong></span> <span class='ocrx_word' id='word_1_44' title='bbox 1557 1603 1655 1653; x_wconf 89' lang='lat' dir='ltr'><strong>carus</strong></span> <span class='ocrx_word' id='word_1_45' title='bbox 1666 1585 1793 1652; x_wconf 88' lang='lat' dir='ltr'><strong>amicis.</strong></span> 
     </span>
    </p>
   </div>
   <div class='ocr_carea' id='block_1_3' title="bbox 598 1829 1793 3012">
    <p class='ocr_par' dir='ltr' id='par_1_3' title="bbox 598 1829 1793 2039">
     <span class='ocr_line' id='line_1_7' title="bbox 598 1829 1793 1918; baseline -0.006 -17"><span class='ocrx_word' id='word_1_46' title='bbox 598 1834 634 1901; x_wconf 91' lang='lat' dir='ltr'>H</span> <span class='ocrx_word' id='word_1_47' title='bbox 652 1833 706 1917; x_wconf 83' lang='lat'><strong>84,</strong></span> <span class='ocrx_word' id='word_1_48' title='bbox 728 1833 772 1900; x_wconf 82' lang='lat'><strong>26</strong></span> <span class='ocrx_word' id='word_1_49' title='bbox 794 1833 822 1901; x_wconf 93' lang='lat'>0</span> <span class='ocrx_word' id='word_1_50' title='bbox 842 1833 958 1916; x_wconf 82' lang='lat'><strong>294,1</strong></span> <span class='ocrx_word' id='word_1_51' title='bbox 991 1831 1070 1916; x_wconf 87' lang='lat' dir='ltr'><strong>(Pro</strong></span> <span class='ocrx_word' id='word_1_52' title='bbox 1097 1830 1185 1900; x_wconf 84' lang='lat' dir='ltr'><strong>Sest.</strong></span> <span class='ocrx_word' id='word_1_53' title='bbox 1210 1831 1300 1918; x_wconf 70' lang='lat'>510)</span> <span class='ocrx_word' id='word_1_54' title='bbox 1324 1830 1381 1898; x_wconf 90' lang='lat' dir='ltr'><strong>Ut</strong></span> <span class='ocrx_word' id='word_1_55' title='bbox 1403 1829 1486 1899; x_wconf 91' lang='lat' dir='ltr'><strong>iam</strong></span> <span class='ocrx_word' id='word_1_56' title='bbox 1509 1829 1697 1913; x_wconf 90' lang='lat' dir='ltr'><strong>puerilis</strong></span> <span class='ocrx_word' id='word_1_57' title='bbox 1719 1831 1793 1896; x_wconf 90' lang='lat' dir='ltr'><strong>tua</strong></span> 
     </span>
     <span class='ocr_line' id='line_1_8' title="bbox 600 1954 1343 2039; baseline -0.001 -18"><span class='ocrx_word' id='word_1_58' title='bbox 600 1974 685 2024; x_wconf 88' lang='lat' dir='ltr'><strong>vox</strong></span> <span class='ocrx_word' id='word_1_59' title='bbox 707 1955 852 2038; x_wconf 82' lang='lat' dir='ltr'><strong>possit</strong></span> <span class='ocrx_word' id='word_1_60' title='bbox 875 1954 1046 2039; x_wconf 87' lang='lat' dir='ltr'><strong>aliquid</strong></span> <span class='ocrx_word' id='word_1_61' title='bbox 1068 1954 1343 2036; x_wconf 78' lang='lat' dir='ltr'><strong>significare.</strong></span> 
     </span>
    </p>

    <p class='ocr_par' dir='ltr' id='par_1_4' title="bbox 598 2073 1793 2646">
     <span class='ocr_line' id='line_1_9' title="bbox 646 2073 1793 2160; baseline -0.003 -17"><span class='ocrx_word' id='word_1_62' title='bbox 646 2077 938 2160; x_wconf 82' lang='lat' dir='ltr'><strong>Opportunissima</strong></span> <span class='ocrx_word' id='word_1_63' title='bbox 953 2077 1036 2144; x_wconf 88' lang='lat' dir='ltr'><strong>haec</strong></span> <span class='ocrx_word' id='word_1_64' title='bbox 1054 2076 1255 2160; x_wconf 81' lang='lat' dir='ltr'><strong>apostrophe</strong></span> <span class='ocrx_word' id='word_1_65' title='bbox 1273 2076 1316 2144; x_wconf 89' lang='lat' dir='ltr'><strong>ad</strong></span> <span class='ocrx_word' id='word_1_66' title='bbox 1328 2075 1366 2142; x_wconf 93' lang='lat' dir='ltr'><strong>P.</strong></span> <span class='ocrx_word' id='word_1_67' title='bbox 1378 2075 1468 2143; x_wconf 87' lang='lat' dir='ltr'><strong>Sesti</strong></span> <span class='ocrx_word' id='word_1_68' title='bbox 1479 2074 1597 2155; x_wconf 84' lang='lat' dir='ltr'><strong>filium,</strong></span> <span class='ocrx_word' id='word_1_69' title='bbox 1609 2091 1674 2160; x_wconf 89' lang='lat' dir='ltr'><strong>quo</strong></span> <span class='ocrx_word' id='word_1_70' title='bbox 1686 2073 1793 2155; x_wconf 82' lang='lat' dir='ltr'><strong>magis</strong></span> 
     </span>
     <span class='ocr_line' id='line_1_10' title="bbox 599 2195 1792 2280; baseline -0.003 -15"><span class='ocrx_word' id='word_1_71' title='bbox 599 2215 739 2266; x_wconf 89' lang='lat' dir='ltr'><strong>causam</strong></span> <span class='ocrx_word' id='word_1_72' title='bbox 776 2198 901 2266; x_wconf 83' lang='lat' dir='ltr'><strong>iaceret</strong></span> <span class='ocrx_word' id='word_1_73' title='bbox 934 2198 1120 2280; x_wconf 78' lang='lat' dir='ltr'><strong>gratiosam</strong></span> <span class='ocrx_word' id='word_1_74' title='bbox 1152 2197 1332 2266; x_wconf 87' lang='lat' dir='ltr'><strong>accedente</strong></span> <span class='ocrx_word' id='word_1_75' title='bbox 1366 2198 1473 2265; x_wconf 88' lang='lat' dir='ltr'><strong>etiam</strong></span> <span class='ocrx_word' id='word_1_76' title='bbox 1505 2195 1792 2264; x_wconf 84' lang='lat' dir='ltr'><strong>commendatione</strong></span> 
     </span>
     <span class='ocr_line' id='line_1_11' title="bbox 599 2318 1791 2405; baseline -0.003 -19"><span class='ocrx_word' id='word_1_77' title='bbox 599 2319 729 2402; x_wconf 91' lang='lat' dir='ltr'><strong>puerili,</strong></span> <span class='ocrx_word' id='word_1_78' title='bbox 763 2337 830 2404; x_wconf 90' lang='lat' dir='ltr'><strong>qua</strong></span> <span class='ocrx_word' id='word_1_79' title='bbox 857 2321 888 2387; x_wconf 92' lang='lat' dir='ltr'><strong>ei</strong></span> <span class='ocrx_word' id='word_1_80' title='bbox 919 2321 1043 2388; x_wconf 89' lang='lat' dir='ltr'><strong>bonam</strong></span> <span class='ocrx_word' id='word_1_81' title='bbox 1073 2337 1170 2405; x_wconf 91' lang='lat' dir='ltr'><strong>spem</strong></span> <span class='ocrx_word' id='word_1_82' title='bbox 1200 2320 1241 2387; x_wconf 89' lang='lat' dir='ltr'><strong>de</strong></span> <span class='ocrx_word' id='word_1_83' title='bbox 1272 2319 1411 2404; x_wconf 91' lang='lat' dir='ltr'><strong>pietatis</strong></span> <span class='ocrx_word' id='word_1_84' title='bbox 1441 2319 1560 2387; x_wconf 85' lang='lat' dir='ltr'><strong>officiis</strong></span> <span class='ocrx_word' id='word_1_85' title='bbox 1589 2318 1791 2401; x_wconf 77' lang='lat' dir='ltr'><strong>auspicetur.</strong></span> 
     </span>
     <span class='ocr_line' id='line_1_12' title="bbox 599 2437 1791 2522; baseline -0.001 -15"><span class='ocrx_word' id='word_1_86' title='bbox 599 2439 660 2507; x_wconf 77' lang='lat' dir='ltr'><strong>Kal</strong></span> <span class='ocrx_word' id='word_1_87' title='bbox 681 2439 767 2518; x_wconf 68' lang='grc' dir='ltr'><strong>μετὰ</strong></span> <span class='ocrx_word' id='word_1_88' title='bbox 778 2437 797 2478; x_wconf 79' lang='grc'>*</span> <span class='ocrx_word' id='word_1_89' title='bbox 809 2438 963 2514; x_wconf 65' lang='lat' dir='ltr'><strong>attuleras</strong></span> <span class='ocrx_word' id='word_1_90' title='bbox 983 2441 1164 2508; x_wconf 77' lang='lat' dir='ltr'><strong>denuntiat</strong></span> <span class='ocrx_word' id='word_1_91' title='bbox 1184 2441 1296 2508; x_wconf 77' lang='lat' dir='ltr'><strong>inesse</strong></span> <span class='ocrx_word' id='word_1_92' title='bbox 1315 2441 1363 2508; x_wconf 85' lang='lat' dir='ltr'><strong>illi</strong></span> <span class='ocrx_word' id='word_1_93' title='bbox 1382 2441 1464 2508; x_wconf 77' lang='lat' dir='ltr'><strong>talia</strong></span> <span class='ocrx_word' id='word_1_94' title='bbox 1481 2441 1622 2508; x_wconf 75' lang='lat' dir='ltr'><strong>virtutis</strong></span> <span class='ocrx_word' id='word_1_95' title='bbox 1637 2439 1791 2522; x_wconf 78' lang='lat' dir='ltr'><strong>insignia,</strong></span> 
     </span>
     <span class='ocr_line' id='line_1_13' title="bbox 598 2561 1360 2646; baseline -0.001 -17"><span class='ocrx_word' id='word_1_96' title='bbox 598 2565 640 2630; x_wconf 93' lang='lat' dir='ltr'><strong>ut</strong></span> <span class='ocrx_word' id='word_1_97' title='bbox 661 2564 771 2646; x_wconf 92' lang='lat' dir='ltr'><strong>possit</strong></span> <span class='ocrx_word' id='word_1_98' title='bbox 794 2566 910 2631; x_wconf 87' lang='lat' dir='ltr'><strong>reatus</strong></span> <span class='ocrx_word' id='word_1_99' title='bbox 932 2561 1066 2646; x_wconf 89' lang='lat' dir='ltr'><strong>paterni</strong></span> <span class='ocrx_word' id='word_1_100' title='bbox 1091 2562 1179 2630; x_wconf 86' lang='lat' dir='ltr'><strong>ultor</strong></span> <span class='ocrx_word' id='word_1_101' title='bbox 1201 2562 1360 2630; x_wconf 88' lang='lat' dir='ltr'><strong>existere.</strong></span> 
     </span>
    </p>

    <p class='ocr_par' dir='ltr' id='par_1_5' title="bbox 598 2683 1792 3012">
     <span class='ocr_line' id='line_1_14' title="bbox 644 2683 1792 2767; baseline 0 -16"><span class='ocrx_word' id='word_1_102' title='bbox 644 2685 690 2752; x_wconf 83' lang='lat' dir='ltr'><strong>Et</strong></span> <span class='ocrx_word' id='word_1_103' title='bbox 723 2684 848 2754; x_wconf 89' lang='lat' dir='ltr'><strong>lemma</strong></span> <span class='ocrx_word' id='word_1_104' title='bbox 881 2687 918 2753; x_wconf 92' lang='lat' dir='ltr'><strong>et</strong></span> <span class='ocrx_word' id='word_1_105' title='bbox 953 2683 1100 2753; x_wconf 81' lang='lat' dir='ltr'><strong>scholion</strong></span> <span class='ocrx_word' id='word_1_106' title='bbox 1134 2683 1306 2767; x_wconf 85' lang='lat' dir='ltr'><strong>exscripsi,</strong></span> <span class='ocrx_word' id='word_1_107' title='bbox 1342 2687 1383 2751; x_wconf 88' lang='lat' dir='ltr'><strong>ut</strong></span> <span class='ocrx_word' id='word_1_108' title='bbox 1416 2686 1598 2753; x_wconf 89' lang='lat' dir='ltr'><strong>contextus</strong></span> <span class='ocrx_word' id='word_1_109' title='bbox 1632 2684 1792 2752; x_wconf 84' lang='lat' dir='ltr'><strong>orationis</strong></span> 
     </span>
     <span class='ocr_line' id='line_1_15' title="bbox 598 2804 1791 2892; baseline -0.002 -18"><span class='ocrx_word' id='word_1_110' title='bbox 598 2807 732 2874; x_wconf 83' lang='lat' dir='ltr'><strong>doceret</strong></span> <span class='ocrx_word' id='word_1_111' title='bbox 761 2806 907 2888; x_wconf 78' lang='lat' dir='ltr'><strong>flagitari</strong></span> <span class='ocrx_word' id='word_1_112' title='bbox 939 2805 992 2870; x_wconf 67' lang='lat' dir='ltr'><strong>rat</strong></span> <span class='ocrx_word' id='word_1_113' title='bbox 1025 2804 1111 2883; x_wconf 67' lang='grc' dir='ltr'><strong>μετὰ</strong></span> <span class='ocrx_word' id='word_1_114' title='bbox 1135 2804 1300 2892; x_wconf 69' lang='grc' dir='ltr'><em>μαντείας,</em></span> <span class='ocrx_word' id='word_1_115' title='bbox 1324 2805 1411 2889; x_wconf 83' lang='lat' dir='ltr'><strong>quod</strong></span> <span class='ocrx_word' id='word_1_116' title='bbox 1433 2805 1618 2874; x_wconf 80' lang='lat' dir='ltr'><strong>similitudo</strong></span> <span class='ocrx_word' id='word_1_117' title='bbox 1641 2805 1791 2874; x_wconf 81' lang='lat' dir='ltr'><strong>vocabuli</strong></span> 
     </span>
     <span class='ocr_line' id='line_1_16' title="bbox 600 2929 998 3012; baseline -0.008 -15"><span class='ocrx_word' id='word_1_118' title='bbox 600 2931 750 3012; x_wconf 89' lang='lat' dir='ltr'><strong>cormpti</strong></span> <span class='ocrx_word' id='word_1_119' title='bbox 772 2929 998 2997; x_wconf 85' lang='lat' dir='ltr'><strong>commendat.</strong></span> 
     </span>
    </p>
   </div>
   <div class='ocr_carea' id='block_1_4' title="bbox 519 3172 1821 4599">
    <p class='ocr_par' dir='ltr' id='par_1_6' title="bbox 598 3172 1791 3382">
     <span class='ocr_line' id='line_1_17' title="bbox 599 3172 1791 3260; baseline 0.001 -22"><span class='ocrx_word' id='word_1_120' title='bbox 599 3172 775 3255; x_wconf 82' lang='lat' dir='ltr'><strong>H90,14</strong></span> <span class='ocrx_word' id='word_1_121' title='bbox 801 3172 953 3251; x_wconf 82' lang='grc'><strong>0298,9</strong></span> <span class='ocrx_word' id='word_1_122' title='bbox 977 3173 1055 3258; x_wconf 87' lang='lat' dir='ltr'><strong>(Pro</strong></span> <span class='ocrx_word' id='word_1_123' title='bbox 1077 3173 1165 3241; x_wconf 88' lang='lat' dir='ltr'><strong>Sest.</strong></span> <span class='ocrx_word' id='word_1_124' title='bbox 1190 3173 1280 3260; x_wconf 66' lang='lat'>545)</span> <span class='ocrx_word' id='word_1_125' title='bbox 1304 3173 1368 3257; x_wconf 77' lang='lat' dir='ltr'><strong>Te,</strong></span> <span class='ocrx_word' id='word_1_126' title='bbox 1392 3175 1445 3256; x_wconf 89' lang='lat' dir='ltr'><strong>te,</strong></span> <span class='ocrx_word' id='word_1_127' title='bbox 1470 3174 1623 3258; x_wconf 88' lang='lat' dir='ltr'><strong>patria,</strong></span> <span class='ocrx_word' id='word_1_128' title='bbox 1647 3175 1791 3243; x_wconf 88' lang='lat' dir='ltr'><strong>testor</strong></span> 
     </span>
     <span class='ocr_line' id='line_1_18' title="bbox 598 3294 1347 3382; baseline 0.004 -22"><span class='ocrx_word' id='word_1_129' title='bbox 598 3297 644 3360; x_wconf 88' lang='lat' dir='ltr'><strong>et</strong></span> <span class='ocrx_word' id='word_1_130' title='bbox 665 3311 754 3372; x_wconf 89' lang='lat' dir='ltr'><strong>vos,</strong></span> <span class='ocrx_word' id='word_1_131' title='bbox 774 3298 961 3378; x_wconf 88' lang='lat' dir='ltr'><strong>penates</strong></span> <span class='ocrx_word' id='word_1_132' title='bbox 983 3294 1252 3382; x_wconf 77' lang='lat' dir='ltr'><strong>patriiqu01)</strong></span> <span class='ocrx_word' id='word_1_133' title='bbox 1276 3296 1347 3363; x_wconf 88' lang='lat' dir='ltr'><strong>dii.</strong></span> 
     </span>
    </p>

    <p class='ocr_par' dir='ltr' id='par_1_7' title="bbox 519 3414 1821 4599">
     <span class='ocr_line' id='line_1_19' title="bbox 644 3414 1791 3501; baseline 0.004 -21"><span class='ocrx_word' id='word_1_134' title='bbox 644 3415 757 3483; x_wconf 90' lang='lat' dir='ltr'><strong>Huius</strong></span> <span class='ocrx_word' id='word_1_135' title='bbox 785 3414 956 3484; x_wconf 92' lang='lat' dir='ltr'><strong>lemmatis</strong></span> <span class='ocrx_word' id='word_1_136' title='bbox 986 3417 1090 3484; x_wconf 86' lang='lat' dir='ltr'><strong>verba</strong></span> <span class='ocrx_word' id='word_1_137' title='bbox 1120 3421 1322 3501; x_wconf 88' lang='lat' dir='ltr'><strong>separantur</strong></span> <span class='ocrx_word' id='word_1_138' title='bbox 1352 3436 1374 3485; x_wconf 90' lang='lat' dir='ltr'><strong>a</strong></span> <span class='ocrx_word' id='word_1_139' title='bbox 1408 3419 1532 3487; x_wconf 89' lang='lat' dir='ltr'><strong>scholio</strong></span> <span class='ocrx_word' id='word_1_140' title='bbox 1562 3419 1693 3487; x_wconf 88' lang='lat' dir='ltr'><strong>duobus</strong></span> <span class='ocrx_word' id='word_1_141' title='bbox 1719 3435 1791 3486; x_wconf 86' lang='lat' dir='ltr'><strong>ver·</strong></span> 
     </span>
     <span class='ocr_line' id='line_1_20' title="bbox 597 3535 1791 3623; baseline 0.003 -19"><span class='ocrx_word' id='word_1_142' title='bbox 597 3535 712 3605; x_wconf 68' lang='lat' dir='ltr'><strong>mouile</strong></span> <span class='ocrx_word' id='word_1_143' title='bbox 735 3537 852 3605; x_wconf 90' lang='lat' dir='ltr'><strong>vacuis</strong></span> <span class='ocrx_word' id='word_1_144' title='bbox 874 3537 909 3623; x_wconf 90' lang='lat' dir='ltr'><strong>(i.</strong></span> <span class='ocrx_word' id='word_1_145' title='bbox 922 3555 952 3605; x_wconf 88' lang='lat' dir='ltr'><strong>e.</strong></span> <span class='ocrx_word' id='word_1_146' title='bbox 975 3538 1086 3622; x_wconf 89' lang='lat' dir='ltr'><strong>spatio</strong></span> <span class='ocrx_word' id='word_1_147' title='bbox 1109 3539 1152 3605; x_wconf 80' lang='lat'><strong>32</strong></span> <span class='ocrx_word' id='word_1_148' title='bbox 1176 3538 1246 3607; x_wconf 87' lang='lat' dir='ltr'><strong>fere</strong></span> <span class='ocrx_word' id='word_1_149' title='bbox 1267 3539 1482 3620; x_wconf 84' lang='lat' dir='ltr'><strong>litteramm).</strong></span> <span class='ocrx_word' id='word_1_150' title='bbox 1509 3539 1560 3607; x_wconf 89' lang='lat' dir='ltr'><strong>Ibi</strong></span> <span class='ocrx_word' id='word_1_151' title='bbox 1582 3544 1698 3609; x_wconf 86' lang='lat' dir='ltr'><strong>autem</strong></span> <span class='ocrx_word' id='word_1_152' title='bbox 1721 3541 1791 3610; x_wconf 85' lang='lat' dir='ltr'><strong>veri</strong></span> 
     </span>
     <span class='ocr_line' id='line_1_21' title="bbox 597 3657 1790 3746; baseline 0.004 -22"><span class='ocrx_word' id='word_1_153' title='bbox 597 3657 807 3726; x_wconf 89' lang='lat' dir='ltr'><strong>simillimum</strong></span> <span class='ocrx_word' id='word_1_154' title='bbox 836 3661 891 3726; x_wconf 90' lang='lat' dir='ltr'><strong>est</strong></span> <span class='ocrx_word' id='word_1_155' title='bbox 918 3660 1155 3728; x_wconf 88' lang='lat' dir='ltr'><strong>tantummodo</strong></span> <span class='ocrx_word' id='word_1_156' title='bbox 1178 3659 1305 3728; x_wconf 82' lang='lat' dir='ltr'><strong>Graeca</strong></span> <span class='ocrx_word' id='word_1_157' title='bbox 1329 3661 1468 3728; x_wconf 90' lang='lat' dir='ltr'><strong>nomina</strong></span> <span class='ocrx_word' id='word_1_158' title='bbox 1490 3661 1684 3742; x_wconf 82' lang='lat' dir='ltr'><strong>figuramm,</strong></span> <span class='ocrx_word' id='word_1_159' title='bbox 1708 3677 1790 3746; x_wconf 89' lang='lat' dir='ltr'><strong>quas</strong></span> 
     </span>
     <span class='ocr_line' id='line_1_22' title="bbox 600 3761 1821 3865; baseline 0.002 -18"><span class='ocrx_word' id='word_1_160' title='bbox 600 3779 712 3849; x_wconf 75' lang='lat' dir='ltr'><strong>orooro</strong></span> <span class='ocrx_word' id='word_1_161' title='bbox 734 3781 897 3865; x_wconf 68' lang='lat' dir='ltr'><strong>eminuit,</strong></span> <span class='ocrx_word' id='word_1_162' title='bbox 921 3781 1001 3849; x_wconf 85' lang='lat' dir='ltr'><strong>oum</strong></span> <span class='ocrx_word' id='word_1_163' title='bbox 1024 3782 1151 3865; x_wconf 72' lang='lat' dir='ltr'><strong>scripu</strong></span> <span class='ocrx_word' id='word_1_164' title='bbox 1173 3782 1289 3850; x_wconf 78' lang='lat' dir='ltr'><strong>uisse.</strong></span> <span class='ocrx_word' id='word_1_165' title='bbox 1312 3783 1386 3850; x_wconf 82' lang='lat' dir='ltr'><strong>um</strong></span> <span class='ocrx_word' id='word_1_166' title='bbox 1409 3784 1664 3852; x_wconf 72' lang='lat' dir='ltr'><strong>reonrssimus</strong></span> <span class='ocrx_word' id='word_1_167' title='bbox 1686 3784 1792 3852; x_wconf 76' lang='lat' dir='ltr'><strong>orror</strong></span> <span class='ocrx_word' id='word_1_168' title='bbox 1818 3761 1821 3768; x_wconf 82' lang='grc'><strong>“</strong></span> 
     </span>
     <span class='ocr_line' id='line_1_23' title="bbox 597 3901 1789 3989; baseline 0.003 -20"><span class='ocrx_word' id='word_1_169' title='bbox 597 3904 771 3986; x_wconf 83' lang='lat' dir='ltr'><strong>proposuit</strong></span> <span class='ocrx_word' id='word_1_170' title='bbox 793 3901 1001 3978; x_wconf 65' lang='lat' dir='ltr'><strong>declinauere</strong></span> <span class='ocrx_word' id='word_1_171' title='bbox 1024 3903 1218 3987; x_wconf 63' lang='grc' dir='ltr'><strong>ἀποστροφή,</strong></span> <span class='ocrx_word' id='word_1_172' title='bbox 1242 3922 1328 3989; x_wconf 81' lang='lat' dir='ltr'><strong>quae</strong></span> <span class='ocrx_word' id='word_1_173' title='bbox 1350 3905 1487 3974; x_wconf 68' lang='lat' dir='ltr'><strong>medem</strong></span> <span class='ocrx_word' id='word_1_174' title='bbox 1507 3923 1607 3976; x_wconf 78' lang='lat' dir='ltr'><strong>voces</strong></span> <span class='ocrx_word' id='word_1_175' title='bbox 1625 3908 1661 3975; x_wconf 90' lang='lat' dir='ltr'><strong>in</strong></span> <span class='ocrx_word' id='word_1_176' title='bbox 1682 3906 1789 3974; x_wconf 81' lang='lat' dir='ltr'><strong>codice</strong></span> 
     </span>
     <span class='ocr_line' id='line_1_24' title="bbox 597 4023 1789 4113; baseline 0.004 -24"><span class='ocrx_word' id='word_1_177' title='bbox 597 4040 699 4106; x_wconf 92' lang='lat' dir='ltr'><strong>prope</strong></span> <span class='ocrx_word' id='word_1_178' title='bbox 728 4023 880 4106; x_wconf 85' lang='lat' dir='ltr'><strong>integrae</strong></span> <span class='ocrx_word' id='word_1_179' title='bbox 910 4025 974 4110; x_wconf 84' lang='lat' dir='ltr'><strong>legi</strong></span> <span class='ocrx_word' id='word_1_180' title='bbox 1004 4029 1149 4110; x_wconf 90' lang='lat' dir='ltr'><strong>possunt</strong></span> <span class='ocrx_word' id='word_1_181' title='bbox 1178 4044 1233 4110; x_wconf 83' lang='lat' dir='ltr'><strong>pg.</strong></span> <span class='ocrx_word' id='word_1_182' title='bbox 1265 4028 1362 4106; x_wconf 87' lang='lat' dir='ltr'><strong>8l,9</strong></span> <span class='ocrx_word' id='word_1_183' title='bbox 1393 4027 1471 4108; x_wconf 89' lang='lat' dir='ltr'><strong>(Pro</strong></span> <span class='ocrx_word' id='word_1_184' title='bbox 1502 4026 1570 4095; x_wconf 84' lang='lat' dir='ltr'><strong>Mil.</strong></span> <span class='ocrx_word' id='word_1_185' title='bbox 1598 4029 1718 4113; x_wconf 68' lang='lat'>5101).</span> <span class='ocrx_word' id='word_1_186' title='bbox 1741 4028 1789 4096; x_wconf 83' lang='lat' dir='ltr'><strong>At</strong></span> 
     </span>
     <span class='ocr_line' id='line_1_25' title="bbox 598 4144 1790 4234; baseline 0.006 -23"><span class='ocrx_word' id='word_1_187' title='bbox 598 4147 715 4212; x_wconf 89' lang='lat' dir='ltr'><strong>nostro</strong></span> <span class='ocrx_word' id='word_1_188' title='bbox 732 4144 802 4213; x_wconf 92' lang='lat' dir='ltr'><strong>loco</strong></span> <span class='ocrx_word' id='word_1_189' title='bbox 822 4163 958 4215; x_wconf 89' lang='lat' dir='ltr'><strong>necesse</strong></span> <span class='ocrx_word' id='word_1_190' title='bbox 977 4147 1112 4215; x_wconf 85' lang='lat' dir='ltr'><strong>videtur</strong></span> <span class='ocrx_word' id='word_1_191' title='bbox 1130 4148 1208 4216; x_wconf 88' lang='lat' dir='ltr'><strong>addi</strong></span> <span class='ocrx_word' id='word_1_192' title='bbox 1223 4147 1401 4230; x_wconf 68' lang='grc' dir='ltr'><strong>παρήχησις</strong></span> <span class='ocrx_word' id='word_1_193' title='bbox 1413 4145 1453 4234; x_wconf 81' lang='lat'><strong>¹),</strong></span> <span class='ocrx_word' id='word_1_194' title='bbox 1464 4149 1543 4232; x_wconf 89' lang='lat' dir='ltr'><strong>quia</strong></span> <span class='ocrx_word' id='word_1_195' title='bbox 1554 4150 1790 4234; x_wconf 90' lang='lat' dir='ltr'><strong>hicpraeterea</strong></span> 
     </span>
     <span class='ocr_line' id='line_1_26' title="bbox 598 4265 1790 4355; baseline 0.007 -23"><span class='ocrx_word' id='word_1_196' title='bbox 598 4265 712 4334; x_wconf 82' lang='lat' dir='ltr'><strong>Cicero</strong></span> <span class='ocrx_word' id='word_1_197' title='bbox 731 4284 816 4335; x_wconf 91' lang='lat' dir='ltr'><strong>usus</strong></span> <span class='ocrx_word' id='word_1_198' title='bbox 834 4273 889 4336; x_wconf 91' lang='lat' dir='ltr'><strong>est</strong></span> <span class='ocrx_word' id='word_1_199' title='bbox 907 4269 1206 4338; x_wconf 91' lang='lat' dir='ltr'><strong>allitterationibus</strong></span> <span class='ocrx_word' id='word_1_200' title='bbox 1225 4273 1303 4354; x_wconf 88' lang='lat' dir='ltr'><strong>(t·t;</strong></span> <span class='ocrx_word' id='word_1_201' title='bbox 1324 4276 1409 4355; x_wconf 81' lang='lat' dir='ltr'><strong>pp).</strong></span> <span class='ocrx_word' id='word_1_202' title='bbox 1422 4271 1571 4354; x_wconf 79' lang='lat' dir='ltr'><strong>Quumm</strong></span> <span class='ocrx_word' id='word_1_203' title='bbox 1584 4271 1790 4340; x_wconf 85' lang='lat' dir='ltr'><strong>allitteratio-</strong></span> 
     </span>
     <span class='ocr_line' id='line_1_27' title="bbox 519 4390 1789 4477; baseline 0.003 -21"><span class='ocrx_word' id='word_1_204' title='bbox 519 4432 525 4444; x_wconf 87' lang='lat'><em>-</em></span> <span class='ocrx_word' id='word_1_205' title='bbox 597 4406 680 4457; x_wconf 92' lang='lat' dir='ltr'><strong>num</strong></span> <span class='ocrx_word' id='word_1_206' title='bbox 700 4406 800 4474; x_wconf 90' lang='lat' dir='ltr'><strong>saepe</strong></span> <span class='ocrx_word' id='word_1_207' title='bbox 818 4390 971 4460; x_wconf 84' lang='lat' dir='ltr'><strong>ulterain</strong></span> <span class='ocrx_word' id='word_1_208' title='bbox 984 4392 1508 4477; x_wconf 79' lang='lat' dir='ltr'><strong>operibus&#39;iullianisinvenitur,</strong></span> <span class='ocrx_word' id='word_1_209' title='bbox 1521 4392 1616 4460; x_wconf 86' lang='lat' dir='ltr'><strong>velut</strong></span> <span class='ocrx_word' id='word_1_210' title='bbox 1629 4392 1789 4462; x_wconf 74' lang='lat' dir='ltr'><strong>Tusculi</strong></span> 
     </span>
     <span class='ocr_line' id='line_1_28' title="bbox 597 4512 1788 4599; baseline 0.001 -22"><span class='ocrx_word' id='word_1_211' title='bbox 597 4512 720 4589; x_wconf 72' lang='lat'>§1182</span> <span class='ocrx_word' id='word_1_212' title='bbox 745 4515 882 4595; x_wconf 89' lang='lat' dir='ltr'><strong>portum</strong></span> <span class='ocrx_word' id='word_1_213' title='bbox 908 4514 1022 4597; x_wconf 90' lang='lat' dir='ltr'><strong>potius</strong></span> <span class='ocrx_word' id='word_1_214' title='bbox 1043 4517 1202 4598; x_wconf 90' lang='lat' dir='ltr'><strong>paratum</strong></span> <span class='ocrx_word' id='word_1_215' title='bbox 1227 4515 1323 4582; x_wconf 90' lang='lat' dir='ltr'><strong>nobis</strong></span> <span class='ocrx_word' id='word_1_216' title='bbox 1346 4517 1383 4582; x_wconf 89' lang='lat' dir='ltr'><strong>et</strong></span> <span class='ocrx_word' id='word_1_217' title='bbox 1406 4514 1596 4598; x_wconf 71' lang='lat' dir='ltr'><strong>perfugium</strong></span> <span class='ocrx_word' id='word_1_218' title='bbox 1618 4517 1788 4599; x_wconf 90' lang='lat' dir='ltr'><strong>putemus.</strong></span> 
     </span>
    </p>
   </div>
   <div class='ocr_carea' id='block_1_5' title="bbox 600 4695 812 4708">
    <p class='ocr_par' dir='ltr' id='par_1_8' title="bbox 600 4695 812 4708">
     <span class='ocr_line' id='line_1_29' title="bbox 600 4695 812 4708; baseline -0.005 0"><span class='ocrx_word' id='word_1_219' title='bbox 600 4695 812 4708; x_wconf 53' lang='lat' dir='ltr'><strong>*n—</strong></span> 
     </span>
    </p>
   </div>
   <div class='ocr_carea' id='block_1_6' title="bbox 629 4801 1416 4953">
    <p class='ocr_par' dir='ltr' id='par_1_9' title="bbox 629 4801 1416 4953">
     <span class='ocr_line' id='line_1_30' title="bbox 630 4801 1416 4872; baseline 0.001 -18"><span class='ocrx_word' id='word_1_220' title='bbox 630 4805 654 4868; x_wconf 94' lang='grc'><strong>1)</strong></span> <span class='ocrx_word' id='word_1_221' title='bbox 671 4804 709 4856; x_wconf 80' lang='lat' dir='ltr'><strong>ct.</strong></span> <span class='ocrx_word' id='word_1_222' title='bbox 727 4803 786 4854; x_wconf 84' lang='lat' dir='ltr'><strong>Hor.</strong></span> <span class='ocrx_word' id='word_1_223' title='bbox 804 4805 856 4856; x_wconf 73' lang='lat' dir='ltr'><strong>Sui.</strong></span> <span class='ocrx_word' id='word_1_224' title='bbox 872 4803 899 4853; x_wconf 88' lang='lat'><strong>11</strong></span> <span class='ocrx_word' id='word_1_225' title='bbox 920 4804 942 4864; x_wconf 83' lang='lat' dir='ltr'><strong>t,</strong></span> <span class='ocrx_word' id='word_1_226' title='bbox 959 4805 976 4853; x_wconf 76' lang='lat'>4</span> <span class='ocrx_word' id='word_1_227' title='bbox 993 4803 1133 4870; x_wconf 72' lang='lat' dir='ltr'><strong>patriosque</strong></span> <span class='ocrx_word' id='word_1_228' title='bbox 1150 4813 1250 4870; x_wconf 68' lang='lat' dir='ltr'><strong>penates</strong></span> <span class='ocrx_word' id='word_1_229' title='bbox 1264 4801 1270 4872; x_wconf 90' lang='grc' dir='ltr'>Ι</span> <span class='ocrx_word' id='word_1_230' title='bbox 1284 4803 1416 4870; x_wconf 77' lang='lat' dir='ltr'><strong>edspieere.</strong></span> 
     </span>
     <span class='ocr_line' id='line_1_31' title="bbox 629 4885 1339 4953; baseline 0.001 -16"><span class='ocrx_word' id='word_1_231' title='bbox 629 4888 655 4950; x_wconf 79' lang='lat' dir='ltr'><strong>a)</strong></span> <span class='ocrx_word' id='word_1_232' title='bbox 672 4887 710 4938; x_wconf 82' lang='lat' dir='ltr'><strong>(ll.</strong></span> <span class='ocrx_word' id='word_1_233' title='bbox 727 4887 835 4938; x_wconf 77' lang='lat' dir='ltr'><strong>Nordeni</strong></span> <span class='ocrx_word' id='word_1_234' title='bbox 852 4888 911 4939; x_wconf 78' lang='lat' dir='ltr'><strong>Ant.</strong></span> <span class='ocrx_word' id='word_1_235' title='bbox 928 4885 1045 4953; x_wconf 83' lang='lat' dir='ltr'><strong>Kumtpr.</strong></span> <span class='ocrx_word' id='word_1_236' title='bbox 1066 4887 1077 4936; x_wconf 89' lang='lat'>1</span> <span class='ocrx_word' id='word_1_237' title='bbox 1095 4903 1136 4953; x_wconf 73' lang='lat' dir='ltr'><strong>pg.</strong></span> <span class='ocrx_word' id='word_1_238' title='bbox 1155 4888 1185 4936; x_wconf 81' lang='lat' dir='ltr'><strong>te</strong></span> <span class='ocrx_word' id='word_1_239' title='bbox 1203 4886 1229 4937; x_wconf 84' lang='lat' dir='ltr'><strong>in</strong></span> <span class='ocrx_word' id='word_1_240' title='bbox 1246 4887 1339 4938; x_wconf 75' lang='lat' dir='ltr'><strong>Adnoi.</strong></span> 
     </span>
    </p>
   </div>
   <div class='ocr_carea' id='block_1_7' title="bbox 0 0 2072 6134">
    <p class='ocr_par' dir='ltr' id='par_1_10' title="bbox 0 0 2072 6134">
     <span class='ocr_line' id='line_1_32' title="bbox 0 0 2072 6134; baseline 0 0"><span class='ocrx_word' id='word_1_241' title='bbox 0 0 2072 6134; x_wconf 95' lang='lat' dir='ltr'><strong> </strong></span> 
     </span>
    </p>
   </div>
  </div>
 </body>
</html>
