<?xml version="1.0" encoding="UTF-8"?>
<!DOCTYPE html PUBLIC "-//W3C//DTD XHTML 1.0 Transitional//EN"
    "http://www.w3.org/TR/xhtml1/DTD/xhtml1-transitional.dtd">
<html xmlns="http://www.w3.org/1999/xhtml" xml:lang="en" lang="en">
 <head>
  <title>
</title>
<meta http-equiv="Content-Type" content="text/html;charset=utf-8" />
  <meta name='ocr-system' content='tesseract 3.04.00' />
  <meta name='ocr-capabilities' content='ocr_page ocr_carea ocr_par ocr_line ocrx_word'/>
</head>
<body>
  <div class='ocr_page' id='page_1' title='image "./sertumnabericum00nabegoog_0407.png"; bbox 0 0 4144 6154; ppageno 0'>
   <div class='ocr_carea' id='block_1_1' title="bbox 830 953 898 1021">
    <p class='ocr_par' dir='ltr' id='par_1_1' title="bbox 830 953 898 1021">
     <span class='ocr_line' id='line_1_1' title="bbox 830 953 898 1021; baseline 0.015 -1"><span class='ocrx_word' id='word_1_1' title='bbox 830 953 898 1021; x_wconf 83' lang='lat'><strong>399</strong></span> 
     </span>
    </p>
   </div>
   <div class='ocr_carea' id='block_1_2' title="bbox 271 1135 1470 5003">
    <p class='ocr_par' dir='ltr' id='par_1_2' title="bbox 271 1135 1470 5003">
     <span class='ocr_line' id='line_1_2' title="bbox 275 1135 1470 1216; baseline 0.001 -12"><span class='ocrx_word' id='word_1_2' title='bbox 275 1135 397 1204; x_wconf 79' lang='lat' dir='ltr'><strong>tobeias</strong></span> <span class='ocrx_word' id='word_1_3' title='bbox 426 1140 538 1203; x_wconf 89' lang='lat' dir='ltr'><strong>totum</strong></span> <span class='ocrx_word' id='word_1_4' title='bbox 567 1153 607 1205; x_wconf 90' lang='lat' dir='ltr'><strong>se</strong></span> <span class='ocrx_word' id='word_1_5' title='bbox 627 1137 660 1204; x_wconf 89' lang='lat' dir='ltr'><strong>ei</strong></span> <span class='ocrx_word' id='word_1_6' title='bbox 681 1137 784 1204; x_wconf 91' lang='lat' dir='ltr'><strong>dedit.</strong></span> <span class='ocrx_word' id='word_1_7' title='bbox 808 1136 872 1205; x_wconf 85' lang='lat' dir='ltr'><strong>Sed</strong></span> <span class='ocrx_word' id='word_1_8' title='bbox 895 1137 1022 1205; x_wconf 88' lang='lat' dir='ltr'><strong>mirum</strong></span> <span class='ocrx_word' id='word_1_9' title='bbox 1044 1155 1110 1206; x_wconf 89' lang='lat' dir='ltr'><strong>nou</strong></span> <span class='ocrx_word' id='word_1_10' title='bbox 1133 1141 1199 1216; x_wconf 89' lang='lat' dir='ltr'><strong>est,</strong></span> <span class='ocrx_word' id='word_1_11' title='bbox 1223 1138 1258 1204; x_wconf 91' lang='lat' dir='ltr'><strong>in</strong></span> <span class='ocrx_word' id='word_1_12' title='bbox 1283 1141 1357 1206; x_wconf 88' lang='lat' dir='ltr'><strong>arte</strong></span> <span class='ocrx_word' id='word_1_13' title='bbox 1380 1154 1470 1205; x_wconf 87' lang='lat' dir='ltr'><strong>nora</strong></span> 
     </span>
     <span class='ocr_line' id='line_1_3' title="bbox 275 1256 1470 1343; baseline 0.003 -18"><span class='ocrx_word' id='word_1_14' title='bbox 275 1259 419 1326; x_wconf 88' lang='lat' dir='ltr'><strong>necdum</strong></span> <span class='ocrx_word' id='word_1_15' title='bbox 446 1259 618 1327; x_wconf 90' lang='lat' dir='ltr'><strong>communi</strong></span> <span class='ocrx_word' id='word_1_16' title='bbox 647 1275 748 1343; x_wconf 85' lang='lat' dir='ltr'><strong>opera</strong></span> <span class='ocrx_word' id='word_1_17' title='bbox 779 1256 963 1326; x_wconf 82' lang='lat' dir='ltr'><strong>multorum</strong></span> <span class='ocrx_word' id='word_1_18' title='bbox 986 1259 1130 1342; x_wconf 82' lang='lat' dir='ltr'><strong>exculte,</strong></span> <span class='ocrx_word' id='word_1_19' title='bbox 1153 1276 1234 1327; x_wconf 93' lang='lat' dir='ltr'><strong>eum</strong></span> <span class='ocrx_word' id='word_1_20' title='bbox 1256 1259 1470 1342; x_wconf 85' lang='lat' dir='ltr'><strong>aliquatenus</strong></span> 
     </span>
     <span class='ocr_line' id='line_1_4' title="bbox 275 1379 1468 1467; baseline 0 -19"><span class='ocrx_word' id='word_1_21' title='bbox 275 1379 445 1448; x_wconf 78' lang='lat' dir='ltr'><strong>defecisse.</strong></span> <span class='ocrx_word' id='word_1_22' title='bbox 478 1379 682 1448; x_wconf 78' lang='lat' dir='ltr'><strong>Aristoteles</strong></span> <span class='ocrx_word' id='word_1_23' title='bbox 716 1397 861 1462; x_wconf 79' lang='lat' dir='ltr'><strong>maguus</strong></span> <span class='ocrx_word' id='word_1_24' title='bbox 894 1384 950 1448; x_wconf 87' lang='lat' dir='ltr'><strong>est</strong></span> <span class='ocrx_word' id='word_1_25' title='bbox 979 1379 1014 1447; x_wconf 93' lang='lat' dir='ltr'><strong>in</strong></span> <span class='ocrx_word' id='word_1_26' title='bbox 1044 1380 1108 1448; x_wconf 88' lang='lat' dir='ltr'><strong>hac</strong></span> <span class='ocrx_word' id='word_1_27' title='bbox 1136 1379 1226 1448; x_wconf 87' lang='lat' dir='ltr'><strong>illius</strong></span> <span class='ocrx_word' id='word_1_28' title='bbox 1255 1381 1340 1448; x_wconf 90' lang='lat' dir='ltr'><strong>artis</strong></span> <span class='ocrx_word' id='word_1_29' title='bbox 1362 1385 1468 1467; x_wconf 81' lang='lat' dir='ltr'><strong>parte,</strong></span> 
     </span>
     <span class='ocr_line' id='line_1_5' title="bbox 274 1501 1469 1586; baseline 0.002 -17"><span class='ocrx_word' id='word_1_30' title='bbox 274 1518 359 1586; x_wconf 86' lang='lat' dir='ltr'><strong>quae</strong></span> <span class='ocrx_word' id='word_1_31' title='bbox 385 1502 543 1570; x_wconf 82' lang='lat' dir='ltr'><strong>consistit</strong></span> <span class='ocrx_word' id='word_1_32' title='bbox 565 1502 600 1569; x_wconf 93' lang='lat' dir='ltr'><strong>iu</strong></span> <span class='ocrx_word' id='word_1_33' title='bbox 623 1502 883 1570; x_wconf 88' lang='lat' dir='ltr'><strong>auctoritatibus</strong></span> <span class='ocrx_word' id='word_1_34' title='bbox 904 1502 1149 1586; x_wconf 84' lang='lat' dir='ltr'><strong>conquirendis,</strong></span> <span class='ocrx_word' id='word_1_35' title='bbox 1171 1501 1207 1570; x_wconf 92' lang='lat' dir='ltr'><strong>in</strong></span> <span class='ocrx_word' id='word_1_36' title='bbox 1231 1503 1469 1572; x_wconf 76' lang='lat' dir='ltr'><strong>traditionibus</strong></span> 
     </span>
     <span class='ocr_line' id='line_1_6' title="bbox 273 1622 1468 1707; baseline 0.002 -17"><span class='ocrx_word' id='word_1_37' title='bbox 273 1623 416 1691; x_wconf 87' lang='lat' dir='ltr'><strong>diversis</strong></span> <span class='ocrx_word' id='word_1_38' title='bbox 449 1641 594 1707; x_wconf 87' lang='lat' dir='ltr'><strong>quarum</strong></span> <span class='ocrx_word' id='word_1_39' title='bbox 617 1624 704 1691; x_wconf 89' lang='lat' dir='ltr'><strong>ratio</strong></span> <span class='ocrx_word' id='word_1_40' title='bbox 726 1622 840 1691; x_wconf 88' lang='lat' dir='ltr'><strong>haberi</strong></span> <span class='ocrx_word' id='word_1_41' title='bbox 863 1623 971 1705; x_wconf 85' lang='lat' dir='ltr'><strong>possit</strong></span> <span class='ocrx_word' id='word_1_42' title='bbox 993 1623 1083 1690; x_wconf 83' lang='lat' dir='ltr'><strong>inter</strong></span> <span class='ocrx_word' id='word_1_43' title='bbox 1105 1640 1142 1690; x_wconf 88' lang='lat' dir='ltr'><strong>se</strong></span> <span class='ocrx_word' id='word_1_44' title='bbox 1164 1624 1409 1707; x_wconf 81' lang='lat' dir='ltr'><strong>comparandis,</strong></span> <span class='ocrx_word' id='word_1_45' title='bbox 1432 1626 1468 1692; x_wconf 94' lang='lat' dir='ltr'><strong>in</strong></span> 
     </span>
     <span class='ocr_line' id='line_1_7' title="bbox 273 1745 1467 1833; baseline 0.002 -19"><span class='ocrx_word' id='word_1_46' title='bbox 273 1746 582 1814; x_wconf 73' lang='lat' dir='ltr'><strong>animadvertendis</strong></span> <span class='ocrx_word' id='word_1_47' title='bbox 605 1746 814 1814; x_wconf 81' lang='lat' dir='ltr'><strong>differentiis.</strong></span> <span class='ocrx_word' id='word_1_48' title='bbox 839 1746 947 1829; x_wconf 84' lang='lat' dir='ltr'><strong>Quam</strong></span> <span class='ocrx_word' id='word_1_49' title='bbox 970 1747 1098 1814; x_wconf 90' lang='lat' dir='ltr'><strong>multos</strong></span> <span class='ocrx_word' id='word_1_50' title='bbox 1117 1750 1272 1814; x_wconf 89' lang='lat' dir='ltr'><strong>auctores</strong></span> <span class='ocrx_word' id='word_1_51' title='bbox 1290 1745 1467 1833; x_wconf 82' lang='lat' dir='ltr'><strong>collegerit,</strong></span> 
     </span>
     <span class='ocr_line' id='line_1_8' title="bbox 273 1867 1469 1952; baseline 0.003 -17"><span class='ocrx_word' id='word_1_52' title='bbox 273 1867 375 1936; x_wconf 88' lang='lat' dir='ltr'><strong>libros</strong></span> <span class='ocrx_word' id='word_1_53' title='bbox 404 1867 598 1952; x_wconf 83' lang='lat' dir='ltr'><strong>inspexerit,</strong></span> <span class='ocrx_word' id='word_1_54' title='bbox 630 1869 742 1936; x_wconf 87' lang='lat' dir='ltr'><strong>ioutes</strong></span> <span class='ocrx_word' id='word_1_55' title='bbox 771 1870 925 1936; x_wconf 85' lang='lat' dir='ltr'><strong>extremo</strong></span> <span class='ocrx_word' id='word_1_56' title='bbox 955 1885 1012 1936; x_wconf 93' lang='lat' dir='ltr'><strong>ore</strong></span> <span class='ocrx_word' id='word_1_57' title='bbox 1041 1868 1283 1951; x_wconf 82' lang='lat' dir='ltr'><strong>degustaverit,</strong></span> <span class='ocrx_word' id='word_1_58' title='bbox 1315 1869 1469 1938; x_wconf 91' lang='lat' dir='ltr'><strong>hocloco</strong></span> 
     </span>
     <span class='ocr_line' id='line_1_9' title="bbox 273 1990 1469 2075; baseline 0.003 -19"><span class='ocrx_word' id='word_1_59' title='bbox 273 1991 427 2073; x_wconf 84' lang='lat' dir='ltr'><strong>persequi</strong></span> <span class='ocrx_word' id='word_1_60' title='bbox 449 2006 492 2057; x_wconf 87' lang='lat' dir='ltr'><strong>na</strong></span> <span class='ocrx_word' id='word_1_61' title='bbox 514 1991 657 2058; x_wconf 89' lang='lat' dir='ltr'><strong>conabor</strong></span> <span class='ocrx_word' id='word_1_62' title='bbox 679 1990 833 2073; x_wconf 82' lang='lat' dir='ltr'><strong>quidem3</strong></span> <span class='ocrx_word' id='word_1_63' title='bbox 856 1990 1058 2074; x_wconf 77' lang='lat' dir='ltr'><strong>cognitionis</strong></span> <span class='ocrx_word' id='word_1_64' title='bbox 1080 1991 1322 2060; x_wconf 85' lang='lat' dir='ltr'><strong>auctoritatum</strong></span> <span class='ocrx_word' id='word_1_65' title='bbox 1346 1993 1469 2075; x_wconf 89' lang='lat' dir='ltr'><strong>quibus</strong></span> 
     </span>
     <span class='ocr_line' id='line_1_10' title="bbox 273 2111 1469 2196; baseline 0.003 -18"><span class='ocrx_word' id='word_1_66' title='bbox 273 2129 358 2179; x_wconf 87' lang='lat' dir='ltr'><strong>usus</strong></span> <span class='ocrx_word' id='word_1_67' title='bbox 387 2115 443 2180; x_wconf 90' lang='lat' dir='ltr'><strong>est</strong></span> <span class='ocrx_word' id='word_1_68' title='bbox 473 2111 599 2181; x_wconf 93' lang='lat' dir='ltr'><strong>bonum</strong></span> <span class='ocrx_word' id='word_1_69' title='bbox 629 2111 889 2180; x_wconf 77' lang='lat' dir='ltr'><strong>fundamentum</strong></span> <span class='ocrx_word' id='word_1_70' title='bbox 911 2113 1063 2196; x_wconf 72' lang='lat' dir='ltr'><strong>posuime</strong></span> <span class='ocrx_word' id='word_1_71' title='bbox 1084 2113 1167 2180; x_wconf 88' lang='lat' dir='ltr'><strong>mihi</strong></span> <span class='ocrx_word' id='word_1_72' title='bbox 1191 2113 1328 2181; x_wconf 81' lang='lat' dir='ltr'><strong>videtur</strong></span> <span class='ocrx_word' id='word_1_73' title='bbox 1349 2113 1469 2182; x_wconf 89' lang='lat' dir='ltr'><strong>Busoit</strong></span> 
     </span>
     <span class='ocr_line' id='line_1_11' title="bbox 275 2232 1468 2317; baseline -0.001 -15"><span class='ocrx_word' id='word_1_74' title='bbox 275 2251 307 2302; x_wconf 84' lang='lat' dir='ltr'><strong>v.</strong></span> <span class='ocrx_word' id='word_1_75' title='bbox 335 2233 376 2302; x_wconf 94' lang='lat' dir='ltr'><strong>cl.</strong></span> <span class='ocrx_word' id='word_1_76' title='bbox 410 2233 446 2300; x_wconf 94' lang='lat' dir='ltr'><strong>in</strong></span> <span class='ocrx_word' id='word_1_77' title='bbox 476 2233 534 2302; x_wconf 79' lang='lat' dir='ltr'><strong>(ir.</strong></span> <span class='ocrx_word' id='word_1_78' title='bbox 565 2233 685 2302; x_wconf 82' lang='lat' dir='ltr'><strong>Gesob.</strong></span> <span class='ocrx_word' id='word_1_79' title='bbox 708 2232 774 2301; x_wconf 81' lang='lat' dir='ltr'><strong>rol.</strong></span> <span class='ocrx_word' id='word_1_80' title='bbox 798 2233 841 2301; x_wconf 87' lang='lat'><strong>11.</strong></span> <span class='ocrx_word' id='word_1_81' title='bbox 865 2234 959 2317; x_wconf 78' lang='lat' dir='ltr'><strong>Quod</strong></span> <span class='ocrx_word' id='word_1_82' title='bbox 980 2251 1024 2302; x_wconf 88' lang='lat' dir='ltr'><strong>ex</strong></span> <span class='ocrx_word' id='word_1_83' title='bbox 1046 2233 1111 2302; x_wconf 87' lang='lat' dir='ltr'><strong>illis</strong></span> <span class='ocrx_word' id='word_1_84' title='bbox 1135 2233 1285 2303; x_wconf 82' lang='lat' dir='ltr'><strong>fontibus</strong></span> <span class='ocrx_word' id='word_1_85' title='bbox 1307 2235 1468 2303; x_wconf 79' lang='lat' dir='ltr'><strong>hauserat</strong></span> 
     </span>
     <span class='ocr_line' id='line_1_12' title="bbox 273 2354 1469 2439; baseline -0.001 -14"><span class='ocrx_word' id='word_1_86' title='bbox 273 2354 484 2438; x_wconf 84' lang='lat' dir='ltr'><strong>Aristoteles,</strong></span> <span class='ocrx_word' id='word_1_87' title='bbox 518 2355 551 2422; x_wconf 95' lang='lat' dir='ltr'><strong>id</strong></span> <span class='ocrx_word' id='word_1_88' title='bbox 582 2355 757 2430; x_wconf 89' lang='lat' dir='ltr'><strong>scribendo</strong></span> <span class='ocrx_word' id='word_1_89' title='bbox 786 2371 948 2439; x_wconf 89' lang='lat' dir='ltr'><strong>usurpare</strong></span> <span class='ocrx_word' id='word_1_90' title='bbox 978 2355 1110 2424; x_wconf 83' lang='lat' dir='ltr'><strong>veritus</strong></span> <span class='ocrx_word' id='word_1_91' title='bbox 1139 2372 1209 2423; x_wconf 92' lang='lat' dir='ltr'><strong>non</strong></span> <span class='ocrx_word' id='word_1_92' title='bbox 1237 2359 1301 2439; x_wconf 86' lang='lat' dir='ltr'><strong>est,</strong></span> <span class='ocrx_word' id='word_1_93' title='bbox 1333 2355 1469 2424; x_wconf 85' lang='lat' dir='ltr'><strong>etiamsi</strong></span> 
     </span>
     <span class='ocr_line' id='line_1_13' title="bbox 272 2475 1469 2562; baseline -0.002 -16"><span class='ocrx_word' id='word_1_94' title='bbox 272 2479 368 2562; x_wconf 81' lang='lat' dir='ltr'><strong>longe</strong></span> <span class='ocrx_word' id='word_1_95' title='bbox 398 2477 449 2546; x_wconf 86' lang='lat' dir='ltr'><strong>ita</strong></span> <span class='ocrx_word' id='word_1_96' title='bbox 477 2477 520 2544; x_wconf 88' lang='lat' dir='ltr'><strong>ab</strong></span> <span class='ocrx_word' id='word_1_97' title='bbox 550 2476 762 2561; x_wconf 87' lang='lat' dir='ltr'><strong>opinionibus</strong></span> <span class='ocrx_word' id='word_1_98' title='bbox 784 2475 933 2558; x_wconf 79' lang='lat' dir='ltr'><strong>vulgatis</strong></span> <span class='ocrx_word' id='word_1_99' title='bbox 954 2477 1175 2546; x_wconf 84' lang='lat' dir='ltr'><strong>recedendum</strong></span> <span class='ocrx_word' id='word_1_100' title='bbox 1197 2476 1228 2545; x_wconf 96' lang='lat' dir='ltr'><strong>ei</strong></span> <span class='ocrx_word' id='word_1_101' title='bbox 1252 2480 1358 2555; x_wconf 73' lang='lat' dir='ltr'><strong>essen</strong></span> <span class='ocrx_word' id='word_1_102' title='bbox 1382 2494 1469 2545; x_wconf 88' lang='lat' dir='ltr'><strong>enus</strong></span> 
     </span>
     <span class='ocr_line' id='line_1_14' title="bbox 272 2598 1468 2682; baseline -0.002 -14"><span class='ocrx_word' id='word_1_103' title='bbox 272 2617 347 2668; x_wconf 72' lang='lat' dir='ltr'><strong>eme</strong></span> <span class='ocrx_word' id='word_1_104' title='bbox 380 2601 484 2669; x_wconf 90' lang='lat' dir='ltr'><strong>audet</strong></span> <span class='ocrx_word' id='word_1_105' title='bbox 514 2599 551 2666; x_wconf 92' lang='lat' dir='ltr'><strong>in</strong></span> <span class='ocrx_word' id='word_1_106' title='bbox 581 2599 740 2682; x_wconf 87' lang='lat' dir='ltr'><strong>historia;</strong></span> <span class='ocrx_word' id='word_1_107' title='bbox 763 2600 805 2666; x_wconf 89' lang='lat' dir='ltr'><strong>ad</strong></span> <span class='ocrx_word' id='word_1_108' title='bbox 837 2599 1012 2682; x_wconf 85' lang='lat' dir='ltr'><strong>opiniones</strong></span> <span class='ocrx_word' id='word_1_109' title='bbox 1034 2599 1219 2667; x_wconf 85' lang='lat' dir='ltr'><strong>tralaticias</strong></span> <span class='ocrx_word' id='word_1_110' title='bbox 1241 2598 1468 2682; x_wconf 86' lang='lat' dir='ltr'><strong>recoquendas</strong></span> 
     </span>
     <span class='ocr_line' id='line_1_15' title="bbox 272 2719 1468 2805; baseline 0 -17"><span class='ocrx_word' id='word_1_111' title='bbox 272 2721 327 2790; x_wconf 86' lang='lat' dir='ltr'><strong>vel</strong></span> <span class='ocrx_word' id='word_1_112' title='bbox 360 2722 504 2805; x_wconf 89' lang='lat' dir='ltr'><strong>propriis</strong></span> <span class='ocrx_word' id='word_1_113' title='bbox 537 2721 740 2789; x_wconf 86' lang='lat' dir='ltr'><strong>commentis</strong></span> <span class='ocrx_word' id='word_1_114' title='bbox 769 2720 950 2804; x_wconf 83' lang='lat' dir='ltr'><strong>augendas,</strong></span> <span class='ocrx_word' id='word_1_115' title='bbox 980 2738 1090 2804; x_wconf 89' lang='lat' dir='ltr'><strong>neque</strong></span> <span class='ocrx_word' id='word_1_116' title='bbox 1111 2719 1242 2788; x_wconf 85' lang='lat' dir='ltr'><strong>incuria</strong></span> <span class='ocrx_word' id='word_1_117' title='bbox 1263 2720 1335 2787; x_wconf 86' lang='lat' dir='ltr'><strong>veri</strong></span> <span class='ocrx_word' id='word_1_118' title='bbox 1358 2737 1468 2803; x_wconf 90' lang='lat' dir='ltr'><strong>neque</strong></span> 
     </span>
     <span class='ocr_line' id='line_1_16' title="bbox 273 2842 1468 2928; baseline -0.002 -16"><span class='ocrx_word' id='word_1_119' title='bbox 273 2846 429 2913; x_wconf 84' lang='lat' dir='ltr'><strong>vanitate</strong></span> <span class='ocrx_word' id='word_1_120' title='bbox 452 2862 489 2912; x_wconf 89' lang='lat' dir='ltr'><strong>se</strong></span> <span class='ocrx_word' id='word_1_121' title='bbox 512 2842 878 2928; x_wconf 86' lang='lat' dir='ltr'><strong>perducipassusest;</strong></span> <span class='ocrx_word' id='word_1_122' title='bbox 898 2844 1108 2928; x_wconf 88' lang='lat' dir='ltr'><strong>quodquam</strong></span> <span class='ocrx_word' id='word_1_123' title='bbox 1128 2843 1357 2926; x_wconf 76' lang='lat' dir='ltr'><strong>magnumsit,</strong></span> <span class='ocrx_word' id='word_1_124' title='bbox 1370 2843 1468 2911; x_wconf 87' lang='lat' dir='ltr'><strong>dccet</strong></span> 
     </span>
     <span class='ocr_line' id='line_1_17' title="bbox 272 2965 1469 3050; baseline 0 -14"><span class='ocrx_word' id='word_1_125' title='bbox 272 2966 468 3050; x_wconf 86' lang='lat' dir='ltr'><strong>exemplum</strong></span> <span class='ocrx_word' id='word_1_126' title='bbox 502 2967 576 3034; x_wconf 91' lang='lat' dir='ltr'><strong>eius</strong></span> <span class='ocrx_word' id='word_1_127' title='bbox 606 2966 757 3049; x_wconf 87' lang='lat' dir='ltr'><strong>aequalis</strong></span> <span class='ocrx_word' id='word_1_128' title='bbox 787 2965 921 3048; x_wconf 80' lang='lat' dir='ltr'><strong>Ephori.</strong></span> <span class='ocrx_word' id='word_1_129' title='bbox 946 2965 1051 3034; x_wconf 85' lang='lat' dir='ltr'><strong>Nobis</strong></span> <span class='ocrx_word' id='word_1_130' title='bbox 1073 2966 1179 3034; x_wconf 88' lang='lat' dir='ltr'><strong>etiam</strong></span> <span class='ocrx_word' id='word_1_131' title='bbox 1201 2965 1366 3049; x_wconf 87' lang='lat' dir='ltr'><strong>estquod</strong></span> <span class='ocrx_word' id='word_1_132' title='bbox 1389 2981 1469 3048; x_wconf 79' lang='lat' dir='ltr'><strong>gau·</strong></span> 
     </span>
     <span class='ocr_line' id='line_1_18' title="bbox 271 3087 1468 3170; baseline -0.003 -12"><span class='ocrx_word' id='word_1_133' title='bbox 271 3089 423 3166; x_wconf 67' lang='lat' dir='ltr'><strong>mamus,</strong></span> <span class='ocrx_word' id='word_1_134' title='bbox 457 3106 536 3156; x_wconf 91' lang='lat' dir='ltr'><strong>cnm</strong></span> <span class='ocrx_word' id='word_1_135' title='bbox 569 3087 769 3156; x_wconf 76' lang='lat' dir='ltr'><strong>traditiones</strong></span> <span class='ocrx_word' id='word_1_136' title='bbox 802 3104 920 3170; x_wconf 83' lang='lat' dir='ltr'><strong>noras,</strong></span> <span class='ocrx_word' id='word_1_137' title='bbox 959 3105 1045 3170; x_wconf 88' lang='lat' dir='ltr'><strong>quas</strong></span> <span class='ocrx_word' id='word_1_138' title='bbox 1079 3087 1251 3155; x_wconf 86' lang='lat' dir='ltr'><strong>veteribus</strong></span> <span class='ocrx_word' id='word_1_139' title='bbox 1284 3087 1468 3155; x_wconf 80' lang='lat' dir='ltr'><strong>admiscuit</strong></span> 
     </span>
     <span class='ocr_line' id='line_1_19' title="bbox 271 3209 1467 3296; baseline -0.003 -15"><span class='ocrx_word' id='word_1_140' title='bbox 271 3212 484 3296; x_wconf 80' lang='lat' dir='ltr'><strong>Aristoteles,</strong></span> <span class='ocrx_word' id='word_1_141' title='bbox 508 3209 706 3292; x_wconf 74' lang='lat' dir='ltr'><strong>cognovisse</strong></span> <span class='ocrx_word' id='word_1_142' title='bbox 729 3210 826 3278; x_wconf 88' lang='lat' dir='ltr'><strong>nobis</strong></span> <span class='ocrx_word' id='word_1_143' title='bbox 849 3209 945 3290; x_wconf 74' lang='lat' dir='ltr'><strong>valde</strong></span> <span class='ocrx_word' id='word_1_144' title='bbox 966 3210 1050 3278; x_wconf 89' lang='lat' dir='ltr'><strong>utile</strong></span> <span class='ocrx_word' id='word_1_145' title='bbox 1073 3211 1131 3277; x_wconf 89' lang='lat' dir='ltr'><strong>sit.</strong></span> <span class='ocrx_word' id='word_1_146' title='bbox 1149 3209 1214 3277; x_wconf 82' lang='lat' dir='ltr'><strong>Sed</strong></span> <span class='ocrx_word' id='word_1_147' title='bbox 1234 3210 1269 3276; x_wconf 92' lang='lat' dir='ltr'><strong>iu</strong></span> <span class='ocrx_word' id='word_1_148' title='bbox 1289 3211 1352 3278; x_wconf 91' lang='lat' dir='ltr'><strong>bac</strong></span> <span class='ocrx_word' id='word_1_149' title='bbox 1371 3213 1467 3292; x_wconf 86' lang='lat' dir='ltr'><strong>parte</strong></span> 
     </span>
     <span class='ocr_line' id='line_1_20' title="bbox 271 3331 1465 3402; baseline -0.003 0"><span class='ocrx_word' id='word_1_150' title='bbox 271 3335 356 3402; x_wconf 88' lang='lat' dir='ltr'><strong>artis</strong></span> <span class='ocrx_word' id='word_1_151' title='bbox 376 3333 507 3401; x_wconf 85' lang='lat' dir='ltr'><strong>deficit:</strong></span> <span class='ocrx_word' id='word_1_152' title='bbox 529 3333 750 3400; x_wconf 84' lang='lat' dir='ltr'><strong>auctoritates</strong></span> <span class='ocrx_word' id='word_1_153' title='bbox 773 3332 960 3401; x_wconf 88' lang='lat' dir='ltr'><strong>rectissime</strong></span> <span class='ocrx_word' id='word_1_154' title='bbox 979 3332 1160 3400; x_wconf 86' lang='lat' dir='ltr'><strong>aestimare</strong></span> <span class='ocrx_word' id='word_1_155' title='bbox 1179 3331 1328 3399; x_wconf 87' lang='lat' dir='ltr'><strong>nondum</strong></span> <span class='ocrx_word' id='word_1_156' title='bbox 1339 3331 1465 3398; x_wconf 82' lang='lat' dir='ltr'><strong>didicit.</strong></span> 
     </span>
     <span class='ocr_line' id='line_1_21' title="bbox 272 3452 1466 3538; baseline -0.002 -16"><span class='ocrx_word' id='word_1_157' title='bbox 272 3455 383 3524; x_wconf 84' lang='lat' dir='ltr'><strong>Nimis</strong></span> <span class='ocrx_word' id='word_1_158' title='bbox 409 3471 510 3538; x_wconf 87' lang='lat' dir='ltr'><strong>saepe</strong></span> <span class='ocrx_word' id='word_1_159' title='bbox 531 3454 564 3522; x_wconf 90' lang='lat' dir='ltr'><strong>ei</strong></span> <span class='ocrx_word' id='word_1_160' title='bbox 585 3453 717 3537; x_wconf 89' lang='lat' dir='ltr'><strong>accidit,</strong></span> <span class='ocrx_word' id='word_1_161' title='bbox 740 3457 782 3521; x_wconf 92' lang='lat' dir='ltr'><strong>ut</strong></span> <span class='ocrx_word' id='word_1_162' title='bbox 804 3454 890 3521; x_wconf 91' lang='lat' dir='ltr'><strong>bono</strong></span> <span class='ocrx_word' id='word_1_163' title='bbox 911 3455 1048 3520; x_wconf 88' lang='lat' dir='ltr'><strong>anctore</strong></span> <span class='ocrx_word' id='word_1_164' title='bbox 1070 3469 1172 3537; x_wconf 86' lang='lat' dir='ltr'><strong>quem</strong></span> <span class='ocrx_word' id='word_1_165' title='bbox 1195 3452 1289 3534; x_wconf 84' lang='lat' dir='ltr'><strong>sequi</strong></span> <span class='ocrx_word' id='word_1_166' title='bbox 1312 3455 1466 3536; x_wconf 89' lang='lat' dir='ltr'><strong>coeperat</strong></span> 
     </span>
     <span class='ocr_line' id='line_1_22' title="bbox 272 3572 1466 3662; baseline -0.006 -15"><span class='ocrx_word' id='word_1_167' title='bbox 272 3582 401 3648; x_wconf 85' lang='lat' dir='ltr'><strong>temere</strong></span> <span class='ocrx_word' id='word_1_168' title='bbox 428 3577 569 3662; x_wconf 88' lang='lat' dir='ltr'><strong>deserto,</strong></span> <span class='ocrx_word' id='word_1_169' title='bbox 593 3576 635 3642; x_wconf 90' lang='lat' dir='ltr'><strong>ad</strong></span> <span class='ocrx_word' id='word_1_170' title='bbox 659 3575 846 3659; x_wconf 90' lang='lat' dir='ltr'><strong>pessimum</strong></span> <span class='ocrx_word' id='word_1_171' title='bbox 869 3579 997 3643; x_wconf 91' lang='lat' dir='ltr'><strong>temere</strong></span> <span class='ocrx_word' id='word_1_172' title='bbox 1019 3575 1190 3657; x_wconf 83' lang='lat' dir='ltr'><strong>transiret,</strong></span> <span class='ocrx_word' id='word_1_173' title='bbox 1214 3573 1342 3641; x_wconf 85' lang='lat' dir='ltr'><strong>nuliam</strong></span> <span class='ocrx_word' id='word_1_174' title='bbox 1365 3572 1466 3641; x_wconf 87' lang='lat' dir='ltr'><strong>aliam</strong></span> 
     </span>
     <span class='ocr_line' id='line_1_23' title="bbox 271 3674 1466 3782; baseline -0.004 -13"><span class='ocrx_word' id='word_1_175' title='bbox 271 3701 313 3770; x_wconf 91' lang='lat' dir='ltr'><strong>ob</strong></span> <span class='ocrx_word' id='word_1_176' title='bbox 330 3717 471 3768; x_wconf 87' lang='lat' dir='ltr'><strong>causam</strong></span> <span class='ocrx_word' id='word_1_177' title='bbox 489 3715 593 3782; x_wconf 89' lang='lat' dir='ltr'><strong>quam</strong></span> <span class='ocrx_word' id='word_1_178' title='bbox 611 3697 699 3781; x_wconf 87' lang='lat' dir='ltr'><strong>quod</strong></span> <span class='ocrx_word' id='word_1_179' title='bbox 717 3698 748 3764; x_wconf 88' lang='lat' dir='ltr'><strong>is</strong></span> <span class='ocrx_word' id='word_1_180' title='bbox 767 3697 811 3764; x_wconf 89' lang='lat' dir='ltr'><strong>ab</strong></span> <span class='ocrx_word' id='word_1_181' title='bbox 829 3696 883 3764; x_wconf 90' lang='lat' dir='ltr'><strong>illo</strong></span> <span class='ocrx_word' id='word_1_182' title='bbox 902 3674 1110 3774; x_wconf 84' lang='lat' dir='ltr'><strong>dissentiret,</strong></span> <span class='ocrx_word' id='word_1_183' title='bbox 1120 3699 1227 3778; x_wconf 82' lang='lat' dir='ltr'><strong>utque</strong></span> <span class='ocrx_word' id='word_1_184' title='bbox 1237 3696 1400 3763; x_wconf 88' lang='lat' dir='ltr'><strong>bonomm</strong></span> <span class='ocrx_word' id='word_1_185' title='bbox 1412 3695 1466 3764; x_wconf 90' lang='lat' dir='ltr'><strong>vel</strong></span> 
     </span>
     <span class='ocr_line' id='line_1_24' title="bbox 272 3815 1466 3902; baseline -0.007 -12"><span class='ocrx_word' id='word_1_186' title='bbox 272 3823 358 3890; x_wconf 86' lang='lat' dir='ltr'><strong>satis</strong></span> <span class='ocrx_word' id='word_1_187' title='bbox 377 3822 541 3889; x_wconf 90' lang='lat' dir='ltr'><strong>bonorum</strong></span> <span class='ocrx_word' id='word_1_188' title='bbox 560 3823 739 3887; x_wconf 86' lang='lat' dir='ltr'><strong>auctorum</strong></span> <span class='ocrx_word' id='word_1_189' title='bbox 756 3818 966 3902; x_wconf 88' lang='lat' dir='ltr'><strong>traditiones,</strong></span> <span class='ocrx_word' id='word_1_190' title='bbox 986 3817 1149 3884; x_wconf 86' lang='lat' dir='ltr'><strong>admixtis</strong></span> <span class='ocrx_word' id='word_1_191' title='bbox 1159 3816 1303 3884; x_wconf 84' lang='lat' dir='ltr'><strong>aliorum</strong></span> <span class='ocrx_word' id='word_1_192' title='bbox 1312 3815 1370 3899; x_wconf 85' lang='lat' dir='ltr'><strong>qui</strong></span> <span class='ocrx_word' id='word_1_193' title='bbox 1382 3816 1466 3883; x_wconf 91' lang='lat' dir='ltr'><strong>nihil</strong></span> 
     </span>
     <span class='ocr_line' id='line_1_25' title="bbox 271 3937 1467 4023; baseline -0.01 -9"><span class='ocrx_word' id='word_1_194' title='bbox 271 3945 424 4013; x_wconf 81' lang='lat' dir='ltr'><strong>vaierent</strong></span> <span class='ocrx_word' id='word_1_195' title='bbox 445 3939 721 4023; x_wconf 71' lang='lat' dir='ltr'><strong>assensionibus,</strong></span> <span class='ocrx_word' id='word_1_196' title='bbox 745 3943 984 4023; x_wconf 87' lang='lat' dir='ltr'><strong>corrumperet.</strong></span> <span class='ocrx_word' id='word_1_197' title='bbox 1008 3939 1062 4006; x_wconf 88' lang='lat' dir='ltr'><strong>Ita</strong></span> <span class='ocrx_word' id='word_1_198' title='bbox 1084 3954 1185 4021; x_wconf 89' lang='lat' dir='ltr'><strong>saepe</strong></span> <span class='ocrx_word' id='word_1_199' title='bbox 1206 3937 1342 4014; x_wconf 88' lang='lat' dir='ltr'><strong>erravit,</strong></span> <span class='ocrx_word' id='word_1_200' title='bbox 1366 3951 1467 4020; x_wconf 85' lang='lat' dir='ltr'><strong>saepe</strong></span> 
     </span>
     <span class='ocr_line' id='line_1_26' title="bbox 271 4057 1467 4142; baseline -0.008 -7"><span class='ocrx_word' id='word_1_201' title='bbox 271 4068 376 4135; x_wconf 89' lang='lat' dir='ltr'><strong>etiam</strong></span> <span class='ocrx_word' id='word_1_202' title='bbox 398 4063 568 4132; x_wconf 88' lang='lat' dir='ltr'><strong>unitatem</strong></span> <span class='ocrx_word' id='word_1_203' title='bbox 591 4079 705 4130; x_wconf 91' lang='lat' dir='ltr'><strong>rerum</strong></span> <span class='ocrx_word' id='word_1_204' title='bbox 726 4061 1017 4130; x_wconf 82' lang='lat' dir='ltr'><strong>describendarum</strong></span> <span class='ocrx_word' id='word_1_205' title='bbox 1041 4076 1177 4128; x_wconf 84' lang='lat' dir='ltr'><strong>servare</strong></span> <span class='ocrx_word' id='word_1_206' title='bbox 1198 4057 1362 4142; x_wconf 88' lang='lat' dir='ltr'><strong>nequivit.</strong></span> <span class='ocrx_word' id='word_1_207' title='bbox 1385 4057 1467 4125; x_wconf 91' lang='lat' dir='ltr'><strong>Inde</strong></span> 
     </span>
     <span class='ocr_line' id='line_1_27' title="bbox 271 4179 1466 4268; baseline -0.008 -12"><span class='ocrx_word' id='word_1_208' title='bbox 271 4192 364 4256; x_wconf 85' lang='lat' dir='ltr'><strong>ortae</strong></span> <span class='ocrx_word' id='word_1_209' title='bbox 398 4189 482 4253; x_wconf 86' lang='lat' dir='ltr'><strong>sunt</strong></span> <span class='ocrx_word' id='word_1_210' title='bbox 515 4185 662 4266; x_wconf 89' lang='lat' dir='ltr'><strong>ineptiae</strong></span> <span class='ocrx_word' id='word_1_211' title='bbox 690 4201 775 4268; x_wconf 86' lang='lat' dir='ltr'><strong>quae</strong></span> <span class='ocrx_word' id='word_1_212' title='bbox 803 4184 845 4252; x_wconf 96' lang='lat' dir='ltr'><strong>de</strong></span> <span class='ocrx_word' id='word_1_213' title='bbox 875 4183 1049 4266; x_wconf 77' lang='lat' dir='ltr'><strong>Bramme,</strong></span> <span class='ocrx_word' id='word_1_214' title='bbox 1072 4181 1296 4249; x_wconf 86' lang='lat' dir='ltr'><strong>obscuritates</strong></span> <span class='ocrx_word' id='word_1_215' title='bbox 1318 4195 1403 4261; x_wconf 88' lang='lat' dir='ltr'><strong>quas</strong></span> <span class='ocrx_word' id='word_1_216' title='bbox 1425 4179 1466 4247; x_wconf 87' lang='lat' dir='ltr'><strong>da</strong></span> 
     </span>
     <span class='ocr_line' id='line_1_28' title="bbox 271 4298 1466 4387; baseline -0.008 -8"><span class='ocrx_word' id='word_1_217' title='bbox 271 4311 373 4380; x_wconf 87' lang='lat' dir='ltr'><strong>rebus</strong></span> <span class='ocrx_word' id='word_1_218' title='bbox 393 4325 425 4378; x_wconf 89' lang='lat' dir='ltr'><strong>a.</strong></span> <span class='ocrx_word' id='word_1_219' title='bbox 449 4307 512 4374; x_wconf 82' lang='lat'><strong>411</strong></span> <span class='ocrx_word' id='word_1_220' title='bbox 538 4306 645 4386; x_wconf 81' lang='lat' dir='ltr'><strong>gestis</strong></span> <span class='ocrx_word' id='word_1_221' title='bbox 667 4306 764 4373; x_wconf 91' lang='lat' dir='ltr'><strong>uobis</strong></span> <span class='ocrx_word' id='word_1_222' title='bbox 786 4304 920 4387; x_wconf 88' lang='lat' dir='ltr'><strong>obtulit,</strong></span> <span class='ocrx_word' id='word_1_223' title='bbox 944 4309 980 4373; x_wconf 89' lang='lat' dir='ltr'><strong>et</strong></span> <span class='ocrx_word' id='word_1_224' title='bbox 1001 4302 1110 4371; x_wconf 84' lang='lat' dir='ltr'><strong>muita</strong></span> <span class='ocrx_word' id='word_1_225' title='bbox 1129 4303 1195 4370; x_wconf 88' lang='lat' dir='ltr'><strong>alia</strong></span> <span class='ocrx_word' id='word_1_226' title='bbox 1213 4299 1387 4370; x_wconf 89' lang='lat' dir='ltr'><strong>eiusmodi.</strong></span> <span class='ocrx_word' id='word_1_227' title='bbox 1415 4298 1466 4369; x_wconf 85' lang='lat' dir='ltr'><strong>Ne</strong></span> 
     </span>
     <span class='ocr_line' id='line_1_29' title="bbox 271 4421 1466 4510; baseline -0.01 -10"><span class='ocrx_word' id='word_1_228' title='bbox 271 4432 373 4500; x_wconf 90' lang='lat' dir='ltr'><strong>buius</strong></span> <span class='ocrx_word' id='word_1_229' title='bbox 406 4427 539 4510; x_wconf 80' lang='lat' dir='ltr'><strong>regmae</strong></span> <span class='ocrx_word' id='word_1_230' title='bbox 572 4427 718 4510; x_wconf 87' lang='lat' dir='ltr'><strong>quidem,</strong></span> <span class='ocrx_word' id='word_1_231' title='bbox 754 4428 790 4495; x_wconf 92' lang='lat' dir='ltr'><strong>in</strong></span> <span class='ocrx_word' id='word_1_232' title='bbox 823 4431 897 4494; x_wconf 88' lang='lat' dir='ltr'><strong>arte</strong></span> <span class='ocrx_word' id='word_1_233' title='bbox 930 4427 1046 4494; x_wconf 85' lang='lat' dir='ltr'><strong>critica</strong></span> <span class='ocrx_word' id='word_1_234' title='bbox 1078 4424 1268 4509; x_wconf 84' lang='lat' dir='ltr'><strong>primariae,</strong></span> <span class='ocrx_word' id='word_1_235' title='bbox 1299 4421 1466 4489; x_wconf 85' lang='lat' dir='ltr'><strong>rationem</strong></span> 
     </span>
     <span class='ocr_line' id='line_1_30' title="bbox 271 4541 1467 4637; baseline -0.01 -16"><span class='ocrx_word' id='word_1_236' title='bbox 271 4554 438 4637; x_wconf 85' lang='lat' dir='ltr'><strong>quantum</strong></span> <span class='ocrx_word' id='word_1_237' title='bbox 469 4549 556 4617; x_wconf 86' lang='lat' dir='ltr'><strong>satis</strong></span> <span class='ocrx_word' id='word_1_238' title='bbox 586 4552 660 4616; x_wconf 87' lang='lat' dir='ltr'><strong>erat</strong></span> <span class='ocrx_word' id='word_1_239' title='bbox 682 4548 811 4633; x_wconf 90' lang='lat' dir='ltr'><strong>habuit,</strong></span> <span class='ocrx_word' id='word_1_240' title='bbox 836 4566 904 4616; x_wconf 91' lang='lat' dir='ltr'><strong>non</strong></span> <span class='ocrx_word' id='word_1_241' title='bbox 926 4547 1023 4616; x_wconf 89' lang='lat' dir='ltr'><strong>licere</strong></span> <span class='ocrx_word' id='word_1_242' title='bbox 1045 4548 1131 4615; x_wconf 88' lang='lat' dir='ltr'><strong>duas</strong></span> <span class='ocrx_word' id='word_1_243' title='bbox 1153 4546 1304 4614; x_wconf 88' lang='lat' dir='ltr'><strong>diversas</strong></span> <span class='ocrx_word' id='word_1_244' title='bbox 1325 4541 1467 4611; x_wconf 91' lang='lat' dir='ltr'><strong>auctori·</strong></span> 
     </span>
     <span class='ocr_line' id='line_1_31' title="bbox 271 4665 1465 4752; baseline -0.013 -6"><span class='ocrx_word' id='word_1_245' title='bbox 271 4678 362 4746; x_wconf 84' lang='lat' dir='ltr'><strong>tetes</strong></span> <span class='ocrx_word' id='word_1_246' title='bbox 384 4671 426 4740; x_wconf 89' lang='lat' dir='ltr'><strong>ad</strong></span> <span class='ocrx_word' id='word_1_247' title='bbox 448 4669 589 4738; x_wconf 89' lang='lat' dir='ltr'><strong>eandem</strong></span> <span class='ocrx_word' id='word_1_248' title='bbox 606 4685 678 4738; x_wconf 91' lang='lat' dir='ltr'><strong>rem</strong></span> <span class='ocrx_word' id='word_1_249' title='bbox 697 4671 905 4752; x_wconf 86' lang='lat' dir='ltr'><strong>pertinentes</strong></span> <span class='ocrx_word' id='word_1_250' title='bbox 924 4671 973 4738; x_wconf 90' lang='lat' dir='ltr'><strong>ita</strong></span> <span class='ocrx_word' id='word_1_251' title='bbox 984 4667 1244 4737; x_wconf 88' lang='lat' dir='ltr'><strong>contaminando</strong></span> <span class='ocrx_word' id='word_1_252' title='bbox 1254 4665 1465 4749; x_wconf 84' lang='lat' dir='ltr'><strong>permiscere,</strong></span> 
     </span>
     <span class='ocr_line' id='line_1_32' title="bbox 271 4785 1466 4875; baseline -0.011 -11"><span class='ocrx_word' id='word_1_253' title='bbox 271 4800 311 4864; x_wconf 87' lang='lat' dir='ltr'><strong>ut</strong></span> <span class='ocrx_word' id='word_1_254' title='bbox 333 4795 412 4861; x_wconf 90' lang='lat' dir='ltr'><strong>inde</strong></span> <span class='ocrx_word' id='word_1_255' title='bbox 428 4791 570 4859; x_wconf 89' lang='lat' dir='ltr'><strong>tertium</strong></span> <span class='ocrx_word' id='word_1_256' title='bbox 588 4790 719 4874; x_wconf 84' lang='lat' dir='ltr'><strong>aliquod</strong></span> <span class='ocrx_word' id='word_1_257' title='bbox 740 4793 888 4860; x_wconf 84' lang='lat' dir='ltr'><strong>exsistat</strong></span> <span class='ocrx_word' id='word_1_258' title='bbox 905 4790 993 4875; x_wconf 89' lang='lat' dir='ltr'><strong>quod</strong></span> <span class='ocrx_word' id='word_1_259' title='bbox 1012 4789 1148 4873; x_wconf 87' lang='lat' dir='ltr'><strong>utrique</strong></span> <span class='ocrx_word' id='word_1_260' title='bbox 1167 4790 1342 4873; x_wconf 76' lang='lat' dir='ltr'><strong>repugnet,</strong></span> <span class='ocrx_word' id='word_1_261' title='bbox 1355 4785 1466 4869; x_wconf 89' lang='lat' dir='ltr'><strong>specie</strong></span> 
     </span>
     <span class='ocr_line' id='line_1_33' title="bbox 272 4907 1466 5003; baseline -0.015 -13"><span class='ocrx_word' id='word_1_262' title='bbox 272 4934 409 5003; x_wconf 86' lang='lat' dir='ltr'><strong>novum,</strong></span> <span class='ocrx_word' id='word_1_263' title='bbox 430 4912 619 4982; x_wconf 80' lang='lat' dir='ltr'><strong>necessario</strong></span> <span class='ocrx_word' id='word_1_264' title='bbox 638 4911 780 4996; x_wconf 80' lang='lat' dir='ltr'><strong>falsum3</strong></span> <span class='ocrx_word' id='word_1_265' title='bbox 796 4911 989 4998; x_wconf 91' lang='lat' dir='ltr'><strong>exemplum</strong></span> <span class='ocrx_word' id='word_1_266' title='bbox 1000 4913 1074 4981; x_wconf 88' lang='lat' dir='ltr'><strong>eins</strong></span> <span class='ocrx_word' id='word_1_267' title='bbox 1084 4912 1132 4980; x_wconf 90' lang='lat' dir='ltr'><strong>rei</strong></span> <span class='ocrx_word' id='word_1_268' title='bbox 1143 4911 1240 4979; x_wconf 87' lang='lat' dir='ltr'><strong>valde</strong></span> <span class='ocrx_word' id='word_1_269' title='bbox 1249 4907 1466 4994; x_wconf 91' lang='lat' dir='ltr'><strong>perspicuum</strong></span> 
     </span>
    </p>
   </div>
   <div class='ocr_carea' id='block_1_3' title="bbox 0 0 2076 6151">
    <p class='ocr_par' dir='ltr' id='par_1_3' title="bbox 0 0 2076 6151">
     <span class='ocr_line' id='line_1_34' title="bbox 0 0 2076 6151; baseline 0 0"><span class='ocrx_word' id='word_1_270' title='bbox 0 0 2076 6151; x_wconf 95' lang='lat' dir='ltr'><strong> </strong></span> 
     </span>
    </p>
   </div>
  </div>
 </body>
</html>
